timestamp(ms since Epoch),last price,volume
1727288867235,224.5588,4.0
1727288867299,224.6712,1.0
1727288867302,224.676,50.0
1727288867357,224.675,218.0
1727288867380,224.675,374.0
1727288867386,224.67,126.0
1727288867421,224.672,200.0
1727288867979,224.675,1.0
1727288868658,224.695,2.0
1727288869028,224.6999,300.0
1727288869113,224.69,11.0
1727288869259,224.695,200.0
1727288869259,224.695,200.0
1727288869260,224.691,68.0
1727288869260,224.69,32.0
1727288869421,224.695,3.0
1727288869425,224.695,300.0
1727288869427,224.695,400.0
1727288869429,224.7,1.0
1727288869430,224.7,2.0
1727288869447,224.694,100.0
1727288869729,224.69,20.0
1727288869739,224.69,20.0
1727288869828,224.69,20.0
1727288869836,224.69,50.0
1727288869961,224.69,10.0
1727288869961,224.69,1.0
1727288869961,224.69,100.0
1727288869993,224.6979,100.0
1727288870042,224.69,13.0
1727288870133,224.69,5.0
1727288870133,224.69,6.0
1727288870133,224.69,2.0
1727288870135,224.6942,6.0
1727288870135,224.6942,2.0
1727288870136,224.6942,5.0
1727288870136,224.6942,7.0
1727288870136,224.6942,100.0
1727288870137,224.6942,99.0
1727288870137,224.6942,81.0
1727288870152,224.6901,10.0
1727288870153,224.69,36.0
1727288870153,224.69,8.0
1727288870153,224.69,100.0
1727288870153,224.69,200.0
1727288870153,224.69,10.0
1727288870153,224.69,100.0
1727288870153,224.69,200.0
1727288870153,224.69,100.0
1727288870153,224.69,200.0
1727288870153,224.69,200.0
1727288870153,224.69,100.0
1727288870153,224.69,200.0
1727288870153,224.69,200.0
1727288870153,224.69,11.0
1727288870153,224.69,30.0
1727288870153,224.69,100.0
1727288870153,224.69,25.0
1727288870153,224.69,25.0
1727288870153,224.69,25.0
1727288870153,224.69,8.0
1727288870153,224.69,78.0
1727288870153,224.69,1.0
1727288870154,224.69,24.0
1727288870312,224.69,100.0
1727288870506,224.6899,25.0
1727288870701,224.685,200.0
1727288870717,224.69,1.0
1727288870738,224.69,2.0
1727288870981,224.6899,28.0
1727288870992,224.68,1.0
1727288871102,224.685,1.0
1727288871227,224.685,10.0
1727288871246,224.6801,50.0
1727288871384,224.6812,1.0
1727288871470,224.685,200.0
1727288871479,224.68,49.0
1727288871480,224.68,51.0
1727288871480,224.68,100.0
1727288871919,224.6815,10.0
1727288871949,224.6899,10.0
1727288872150,224.685,1.0
1727288872249,224.69,98.0
1727288872249,224.69,1.0
1727288872249,224.69,1.0
1727288872249,224.69,26.0
1727288872250,224.69,113.0
1727288872306,224.695,40.0
1727288872322,224.695,20.0
1727288872553,224.695,100.0
1727288872693,224.6936,12.0
1727288872915,224.6988,1.0
1727288872932,224.695,200.0
1727288873034,224.695,100.0
1727288873101,224.7,20.0
1727288873102,224.7,78.0
1727288873102,224.7,25.0
1727288873102,224.7,16.0
1727288873102,224.7,100.0
1727288873102,224.7,184.0
1727288873102,224.7,5.0
1727288873102,224.7,250.0
1727288873102,224.7,4.0
1727288873102,224.7,1.0
1727288873102,224.7,84.0
1727288873152,224.705,10.0
1727288873428,224.7,20.0
1727288873428,224.7,89.0
1727288873536,224.7,22.0
1727288873662,224.704,1.0
1727288873901,224.7,9.0
1727288873901,224.7,91.0
1727288873901,224.7,10.0
1727288873901,224.7,199.0
1727288873901,224.7,1.0
1727288873901,224.7,1.0
1727288873901,224.7,1.0
1727288873901,224.7,100.0
1727288873901,224.7,98.0
1727288873901,224.7,100.0
1727288873901,224.7,30.0
1727288873902,224.705,10.0
1727288873902,224.7,37.0
1727288874051,224.7,3.0
1727288874051,224.7,100.0
1727288874165,224.7025,10.0
1727288874230,224.5719,1.0
1727288874449,224.705,2.0
1727288874678,224.7099,300.0
1727288874734,224.7019,100.0
1727288874755,224.705,100.0
1727288874963,224.706,116.0
1727288874978,224.705,15.0
1727288875049,224.706,20.0
1727288875426,224.6999,10.0
1727288875427,224.6999,9.0
1727288875185,224.7,40.0
1727288875185,224.7,100.0
1727288875186,224.7,43.0
1727288875186,224.7,8.0
1727288875186,224.69,8.0
1727288875186,224.69,100.0
1727288875186,224.7,89.0
1727288875194,224.6999,280.0
1727288875211,224.69,1.0
1727288875252,224.69,3.0
1727288875504,224.69,1.0
1727288875513,224.6812,1.0
1727288875572,224.69,5.0
1727288875657,224.68,100.0
1727288876026,224.6999,1.0
1727288876080,224.6999,11.0
1727288876080,224.6999,12.0
1727288876130,224.69,13.0
1727288876322,224.6889,300.0
1727288876619,224.68,100.0
1727288876619,224.68,1.0
1727288876638,224.685,200.0
1727288876640,224.68,200.0
1727288876650,224.68,99.0
1727288877467,224.685,40.0
1727288877531,224.6825,100.0
1727288877228,224.685,1.0
1727288877390,224.69,2.0
1727288877555,224.6888,1.0
1727288877779,224.6899,4.0
1727288877789,224.69,1247.0
1727288877790,224.69,453.0
1727288877814,224.6865,1.0
1727288877854,224.6899,49.0
1727288878084,224.685,1.0
1727288878128,224.685,50.0
1727288878517,224.6901,11.0
1727288878536,224.6999,26.0
1727288878576,224.6812,1.0
1727288878221,224.6893,7.0
1727288878229,224.69,1.0
1727288878229,224.69,49.0
1727288878229,224.69,151.0
1727288878230,224.69,1.0
1727288878234,224.69,10.0
1727288878234,224.69,31.0
1727288878250,224.6999,1.0
1727288878290,224.695,5.0
1727288878322,224.6988,181.0
1727288878496,224.7,73.0
1727288878496,224.7,27.0
1727288878624,224.7,73.0
1727288878624,224.7,11.0
1727288878624,224.7,16.0
1727288878624,224.7,84.0
1727288878726,224.7087,250.0
1727288878782,224.7091,34.0
1727288878983,224.71,200.0
1727288878983,224.71,33.0
1727288878983,224.71,1.0
1727288878983,224.71,1.0
1727288878983,224.71,5.0
1727288879462,224.71,2.0
1727288879515,224.72,100.0
1727288879518,224.72,100.0
1727288879533,224.715,100.0
1727288879536,224.71,100.0
1727288879574,224.719,100.0
1727288879574,224.719,199.0
1727288879574,224.72,1.0
1727288879576,224.719,100.0
1727288879576,224.719,100.0
1727288879579,224.72,9.0
1727288879583,224.7199,200.0
1727288879585,224.72,100.0
1727288879585,224.72,100.0
1727288879585,224.72,100.0
1727288879585,224.72,100.0
1727288879585,224.72,100.0
1727288879585,224.72,91.0
1727288879585,224.72,100.0
1727288879585,224.72,100.0
1727288879585,224.72,100.0
1727288879585,224.72,100.0
1727288879569,224.72,300.0
1727288879637,224.715,100.0
1727288879662,224.72,1.0
1727288880132,224.72,82.0
1727288880132,224.72,18.0
1727288880132,224.72,29.0
1727288880132,224.72,7.0
1727288880132,224.72,66.0
1727288880132,224.72,136.0
1727288880132,224.72,100.0
1727288880132,224.72,96.0
1727288880132,224.72,3.0
1727288880132,224.72,1.0
1727288880132,224.73,50.0
1727288880135,224.7105,66.0
1727288880140,224.725,100.0
1727288880144,224.7105,136.0
1727288880149,224.725,4.0
1727288880151,224.7105,100.0
1727288880718,224.71,1.0
1727288880155,224.72,100.0
1727288880156,224.72,100.0
1727288880156,224.72,100.0
1727288880157,224.72,1.0
1727288880159,224.7105,96.0
1727288880810,224.715,2.0
1727288880998,224.7199,1000.0
1727288881014,224.72,2.0
1727288880440,224.715,100.0
1727288880463,224.7192,10.0
1727288881115,224.71,5.0
1727288881115,224.71,95.0
1727288881115,224.71,100.0
1727288881115,224.71,20.0
1727288881115,224.71,3.0
1727288881115,224.71,4.0
1727288881115,224.71,100.0
1727288881115,224.71,100.0
1727288881115,224.71,100.0
1727288881115,224.71,122.0
1727288881115,224.71,100.0
1727288881115,224.71,100.0
1727288881115,224.71,78.0
1727288881115,224.71,44.0
1727288881115,224.71,100.0
1727288881115,224.71,25.0
1727288881115,224.71,100.0
1727288881115,224.71,25.0
1727288881115,224.71,100.0
1727288881115,224.71,2.0
1727288881115,224.71,3.0
1727288881115,224.71,100.0
1727288881116,224.71,6.0
1727288881116,224.71,19.0
1727288881116,224.71,81.0
1727288881116,224.71,19.0
1727288881116,224.71,89.0
1727288881116,224.71,43.0
1727288881116,224.71,81.0
1727288881116,224.71,19.0
1727288880580,224.715,32.0
1727288880582,224.715,1.0
1727288881124,224.71,28.0
1727288881124,224.71,1.0
1727288881124,224.71,71.0
1727288880618,224.7188,1.0
1727288880644,224.4161,100.0
1727288880645,224.72,1.0
1727288881231,224.71,1.0
1727288881254,224.71,99.0
1727288881254,224.71,1.0
1727288881455,224.71,20.0
1727288881455,224.71,29.0
1727288881455,224.71,51.0
1727288881467,224.702,50.0
1727288881628,224.7151,20.0
1727288881694,224.71,28.0
1727288881694,224.71,25.0
1727288881694,224.71,16.0
1727288881694,224.71,8.0
1727288881694,224.71,9.0
1727288881694,224.71,290.0
1727288881695,224.72,25.0
1727288881695,224.72,16.0
1727288881695,224.72,100.0
1727288881695,224.72,100.0
1727288881695,224.72,10.0
1727288881695,224.72,4.0
1727288881695,224.72,20.0
1727288881695,224.72,100.0
1727288881695,224.72,1.0
1727288881695,224.72,5.0
1727288881695,224.72,1.0
1727288881695,224.72,1.0
1727288881695,224.72,100.0
1727288881852,224.72,87.0
1727288881852,224.72,5.0
1727288881884,224.72,27.0
1727288881973,224.726,100.0
1727288882011,224.726,50.0
1727288882066,224.725,10.0
1727288882140,224.72,2.0
1727288882162,224.7201,1.0
1727288882183,224.72,36.0
1727288882218,224.725,100.0
1727288882299,224.7255,150.0
1727288882299,224.7255,130.0
1727288882300,224.73,50.0
1727288882300,224.73,100.0
1727288882372,224.7287,25.0
1727288882549,224.7201,1.0
1727288882583,224.725,10.0
1727288882639,224.7205,7.0
1727288882660,224.7201,1.0
1727288882767,224.72,100.0
1727288882934,224.725,1.0
1727288882934,224.725,3.0
1727288882935,224.725,7.0
1727288882969,224.72,16.0
1727288883070,224.7285,22.0
1727288883124,224.73,100.0
1727288883124,224.73,21.0
1727288883124,224.73,9.0
1727288883124,224.73,16.0
1727288883124,224.73,26.0
1727288883124,224.73,50.0
1727288883124,224.73,100.0
1727288883125,224.73,10.0
1727288883125,224.73,10.0
1727288883196,224.725,1.0
1727288883254,224.73,1.0
1727288883254,224.73,100.0
1727288883260,224.72,25.0
1727288883263,224.72,2.0
1727288883280,224.7101,45.0
1727288883427,224.73,13.0
1727288883512,224.7216,100.0
1727288883553,224.7235,100.0
1727288883569,224.7101,19.0
1727288883673,224.728,100.0
1727288883673,224.7299,100.0
1727288883673,224.7272,200.0
1727288883674,224.72,28.0
1727288883674,224.72,18.0
1727288883675,224.72,54.0
1727288883675,224.73,100.0
1727288883675,224.73,1.0
1727288883675,224.72,46.0
1727288883675,224.73,50.0
1727288883676,224.73,100.0
1727288883691,224.7294,75.0
1727288883692,224.73,100.0
1727288883708,224.7294,125.0
1727288883709,224.73,3.0
1727288883724,224.72,20.0
1727288883744,224.72,1.0
1727288883790,224.72,200.0
1727288884045,224.72,2.0
1727288884341,224.73,28.0
1727288884619,224.72,13.0
1727288884705,224.7112,1.0
1727288884868,224.7111,300.0
1727288884998,224.7101,300.0
1727288885036,224.7195,5.0
1727288885116,224.72,100.0
1727288885725,224.7188,1.0
1727288886047,224.71,29.0
1727288886047,224.71,1.0
1727288885848,224.715,1.0
1727288885961,224.7101,2.0
1727288886030,224.72,3.0
1727288886186,224.7199,300.0
1727288886248,224.71,18.0
1727288886565,224.715,20.0
1727288886749,224.72,1.0
1727288886803,224.7192,1.0
1727288886959,224.72,25.0
1727288886959,224.72,100.0
1727288887031,224.725,4.0
1727288887070,224.73,25.0
1727288887272,224.7299,12.0
1727288887273,224.73,5.0
1727288887273,224.73,100.0
1727288887273,224.73,26.0
1727288887363,224.74,2.0
1727288887395,224.745,18.0
1727288887399,224.75,1.0
1727288887401,224.75,1.0
1727288887402,224.745,6.0
1727288887411,224.75,20.0
1727288887414,224.75,1.0
1727288887498,224.7479,150.0
1727288887771,224.7488,1.0
1727288887779,224.74,21.0
1727288887780,224.74,74.0
1727288887780,224.74,1.0
1727288887780,224.74,100.0
1727288887792,224.745,25.0
1727288888170,224.741,100.0
1727288888092,224.7476,102.0
1727288888281,224.7488,1.0
1727288888281,224.7412,1.0
1727288888306,224.745,200.0
1727288888755,224.7478,100.0
1727288888775,224.7478,69.0
1727288888776,224.7478,31.0
1727288888993,224.745,10.0
1727288889384,224.745,75.0
1727288889446,224.749,300.0
1727288889697,224.7457,50.0
1727288889784,224.745,20.0
1727288890427,224.7501,150.0
1727288889803,224.7483,284.0
1727288889859,224.7419,5.0
1727288890055,224.745,1.0
1727288890077,224.75,4.0
1727288890077,224.75,100.0
1727288890077,224.75,5.0
1727288890077,224.75,23.0
1727288890077,224.75,2.0
1727288890077,224.75,121.0
1727288890077,224.75,157.0
1727288890077,224.75,200.0
1727288890077,224.75,1.0
1727288890077,224.75,721.0
1727288890077,224.75,28.0
1727288890078,224.76,89.0
1727288890289,224.7599,5.0
1727288890698,224.756,100.0
1727288890387,224.75,5.0
1727288891039,224.7538,5.0
1727288891185,224.76,5.0
1727288891538,224.76,1.0
1727288891538,224.76,2.0
1727288891538,224.76,69.0
1727288891538,224.76,31.0
1727288891538,224.76,100.0
1727288891538,224.76,6.0
1727288891539,224.76,24.0
1727288891591,224.4454,100.0
1727288891591,224.76,100.0
1727288891591,224.76,4.0
1727288891627,224.75,100.0
1727288891826,224.7583,200.0
1727288892207,224.76,10.0
1727288892218,224.7501,5.0
1727288892353,224.75,11.0
1727288892357,224.7502,1.0
1727288892406,224.7501,380.0
1727288892598,224.75,200.0
1727288892598,224.75,100.0
1727288892598,224.75,82.0
1727288892598,224.75,16.0
1727288892598,224.75,200.0
1727288892598,224.75,100.0
1727288892598,224.75,11.0
1727288892598,224.75,89.0
1727288892598,224.75,100.0
1727288892598,224.75,100.0
1727288892598,224.75,100.0
1727288892598,224.75,4.0
1727288892598,224.75,10.0
1727288892598,224.75,100.0
1727288892742,224.745,300.0
1727288892999,224.7486,3.0
1727288893055,224.748,100.0
1727288893062,224.745,289.0
1727288893391,224.7488,1.0
1727288893391,224.7488,1.0
1727288893503,224.749,50.0
1727288893517,224.74,47.0
1727288893524,224.7485,50.0
1727288893579,224.7401,1.0
1727288893736,224.745,50.0
1727288894204,224.745,200.0
1727288894204,224.7441,10.0
1727288894276,224.7402,100.0
1727288894327,224.745,30.0
1727288894453,224.6237,4.0
1727288894615,224.7438,40.0
1727288894806,224.745,100.0
1727288894806,224.75,100.0
1727288894806,224.75,350.0
1727288894806,224.745,100.0
1727288894806,224.75,24.0
1727288894806,224.75,100.0
1727288894806,224.75,25.0
1727288894806,224.75,25.0
1727288894806,224.75,22.0
1727288894754,224.745,10.0
1727288894771,224.7486,1.0
1727288894806,224.75,50.0
1727288894806,224.745,100.0
1727288894806,224.75,60.0
1727288894806,224.75,50.0
1727288894806,224.76,100.0
1727288894842,224.75,100.0
1727288894878,224.74,1.0
1727288894906,224.752,42.0
1727288895141,224.74,1.0
1727288895218,224.75,1.0
1727288895248,224.75,6.0
1727288895248,224.75,2.0
1727288895288,224.75,100.0
1727288895301,224.76,100.0
1727288895309,224.7599,91.0
1727288895608,224.758,1000.0
1727288895943,224.76,1.0
1727288896179,224.75,43.0
1727288896247,224.7592,8.0
1727288896321,224.76,4.0
1727288896372,224.7599,7.0
1727288896431,224.7545,20.0
1727288896455,224.7588,1.0
1727288896469,224.7501,9.0
1727288896478,224.7501,50.0
1727288896780,224.7586,100.0
1727288896895,224.755,100.0
1727288897106,224.755,103.0
1727288897499,224.7588,1.0
1727288898071,224.76,15.0
1727288897820,224.76,200.0
1727288897820,224.76,12.0
1727288897821,224.76,10.0
1727288897821,224.77,1.0
1727288897829,224.76,100.0
1727288897829,224.76,20.0
1727288897925,224.7501,800.0
1727288897945,224.766,1.0
1727288898015,224.7523,300.0
1727288898285,224.755,1.0
1727288898519,224.7588,1.0
1727288899030,224.7512,1.0
1727288899224,224.77,1.0
1727288899402,224.76,20.0
1727288899417,224.75,4.0
1727288899421,224.7527,92.0
1727288899426,224.76,40.0
1727288899555,224.76,1.0
1727288899555,224.76,25.0
1727288899555,224.76,1.0
1727288899555,224.76,1.0
1727288899557,224.765,200.0
1727288899741,224.762,2.0
1727288900133,224.7501,2000.0
1727288900145,224.76,200.0
1727288900561,224.7688,1.0
1727288901044,224.76,300.0
1727288901045,224.7599,200.0
1727288900931,224.755,2.0
1727288901169,224.75,96.0
1727288901169,224.75,1.0
1727288901169,224.75,100.0
1727288901169,224.75,100.0
1727288901169,224.75,100.0
1727288901169,224.75,100.0
1727288901169,224.75,104.0
1727288901169,224.75,1.0
1727288901169,224.75,2.0
1727288901169,224.75,1.0
1727288901169,224.75,100.0
1727288901212,224.7413,3.0
1727288901408,224.745,150.0
1727288901469,224.74,30.0
1727288901584,224.7412,1.0
1727288901689,224.7401,650.0
1727288901693,224.745,45.0
1727288902327,224.74,1.0
1727288901861,224.74,5.0
1727288901861,224.74,148.0
1727288901861,224.74,100.0
1727288901861,224.74,47.0
1727288901861,224.74,3.0
1727288901861,224.74,100.0
1727288901861,224.74,100.0
1727288901861,224.74,100.0
1727288901861,224.74,40.0
1727288901861,224.74,100.0
1727288901861,224.74,35.0
1727288901861,224.74,20.0
1727288901861,224.74,65.0
1727288901861,224.74,25.0
1727288901861,224.74,35.0
1727288901861,224.74,100.0
1727288901861,224.74,100.0
1727288901861,224.74,19.0
1727288901861,224.74,19.0
1727288901861,224.74,11.0
1727288901861,224.74,369.0
1727288901861,224.74,312.0
1727288901861,224.74,65.0
1727288901861,224.74,100.0
1727288901861,224.74,100.0
1727288901861,224.74,10.0
1727288901861,224.74,15.0
1727288901861,224.74,25.0
1727288901862,224.74,85.0
1727288901949,224.735,1.0
1727288902070,224.74,50.0
1727288902139,224.75,1.0
1727288902143,224.742,20.0
1727288902552,224.74,8.0
1727288902748,224.7301,1.0
1727288902869,224.7391,1.0
1727288902994,224.73,5.0
1727288903399,224.74,100.0
1727288903497,224.7321,1000.0
1727288903565,224.735,1.0
1727288903567,224.74,23.0
1727288903567,224.74,174.0
1727288903567,224.74,1.0
1727288903596,224.7387,100.0
1727288903628,224.73,1.0
1727288903639,224.7399,10.0
1727288903678,224.7358,40.0
1727288903807,224.735,1.0
1727288903839,224.7392,1.0
1727288904030,224.7316,300.0
1727288904043,224.73,1.0
1727288904604,224.734,100.0
1727288904188,224.74,100.0
1727288904238,224.7315,25.0
1727288904243,224.7301,800.0
1727288904761,224.74,100.0
1727288905228,224.7309,100.0
1727288905279,224.74,10.0
1727288905364,224.74,17.0
1727288905942,224.7316,50.0
1727288906516,224.7399,150.0
1727288906634,224.7025,7.0
1727288906675,224.732,1.0
1727288906895,224.74,1.0
1727288906911,224.735,200.0
1727288907536,224.7354,25.0
1727288907057,224.7399,2.0
1727288907113,224.7391,1.0
1727288907145,224.704,3.0
1727288907150,224.704,2.0
1727288907152,224.704,18.0
1727288907165,224.735,38.0
1727288907169,224.735,37.0
1727288907200,224.74,18.0
1727288907290,224.735,6.0
1727288907462,224.735,50.0
1727288907684,224.74,3.0
1727288907788,224.7399,10.0
1727288907820,224.735,100.0
1727288907993,224.73,1.0
1727288907993,224.73,3.0
1727288907993,224.73,100.0
1727288907993,224.73,21.0
1727288907993,224.73,2.0
1727288908400,224.735,1.0
1727288908927,224.47,100.0
1727288909752,224.7312,1.0
1727288909074,224.735,1.0
1727288909371,224.735,20.0
1727288909892,224.74,3.0
1727288909898,224.739,1.0
1727288909992,224.739,2.0
1727288910109,224.7396,9.0
1727288910142,224.735,1.0
1727288910238,224.7334,10.0
1727288910263,224.7388,1.0
1727288910273,224.735,1.0
1727288910541,224.7321,5.0
1727288910636,224.73,20.0
1727288910711,224.7312,1.0
1727288910774,224.7312,1.0
1727288910814,224.7311,1.0
1727288911126,224.73,2.0
1727288911126,224.73,100.0
1727288911126,224.73,21.0
1727288911126,224.73,2.0
1727288911126,224.73,30.0
1727288911181,224.735,100.0
1727288911541,224.7301,100.0
1727288911719,224.4992,100.0
1727288911884,224.73,6.0
1727288911956,224.735,1.0
1727288912278,224.7399,35.0
1727288912816,224.7488,1.0
1727288912305,224.7388,1.0
1727288912371,224.735,1.0
1727288912378,224.735,173.0
1727288912381,224.74,181.0
1727288912381,224.74,6.0
1727288912381,224.74,25.0
1727288912381,224.74,4.0
1727288912381,224.74,75.0
1727288912381,224.74,6.0
1727288912381,224.74,4.0
1727288912381,224.74,1.0
1727288912382,224.74,19.0
1727288912382,224.74,40.0
1727288912382,224.74,10.0
1727288912382,224.74,121.0
1727288912449,224.7499,1.0
1727288912458,224.75,1.0
1727288912568,224.75,3.0
1727288912569,224.7499,3.0
1727288912571,224.75,1.0
1727288912574,224.75,1.0
1727288912642,224.745,500.0
1727288912664,224.745,100.0
1727288912880,224.75,3.0
1727288912729,224.745,100.0
1727288912942,224.74,16.0
1727288912945,224.75,1.0
1727288913838,224.7412,1.0
1727288913863,224.7414,500.0
1727288913128,224.745,200.0
1727288913188,224.745,1.0
1727288913249,224.7492,1.0
1727288913347,224.745,1.0
1727288913825,224.7492,27.0
1727288914187,224.7465,1.0
1727288914346,224.7482,2700.0
1727288914352,224.745,2.0
1727288914360,224.75,98.0
1727288914549,224.745,1.0
1727288914606,224.75,5.0
1727288914784,224.745,13.0
1727288915002,224.745,1.0
1727288915007,224.7136,1.0
1727288915030,224.745,300.0
1727288915281,224.75,100.0
1727288915283,224.75,100.0
1727288915283,224.75,21.0
1727288915283,224.75,30.0
1727288915283,224.75,1.0
1727288915283,224.75,70.0
1727288915283,224.75,64.0
1727288915283,224.75,4.0
1727288915283,224.75,1.0
1727288915283,224.75,100.0
1727288915283,224.75,2.0
1727288915284,224.75,1.0
1727288915284,224.75,100.0
1727288915284,224.75,1.0
1727288915284,224.75,46.0
1727288915351,224.7549,50.0
1727288915422,224.7587,100.0
1727288915493,224.755,1.0
1727288916068,224.75,91.0
1727288916029,224.76,52.0
1727288916029,224.76,48.0
1727288916029,224.76,28.0
1727288916029,224.76,100.0
1727288916029,224.76,100.0
1727288916031,224.76,100.0
1727288916031,224.76,20.0
1727288916123,224.755,50.0
1727288916126,224.7585,450.0
1727288916127,224.755,40.0
1727288916130,224.755,40.0
1727288916141,224.755,10.0
1727288916364,224.7538,100.0
1727288916592,224.7599,100.0
1727288916915,224.76,1.0
1727288917179,224.7501,2.0
1727288917242,224.755,10.0
1727288917354,224.75,100.0
1727288917400,224.75,30.0
1727288917415,224.75,5.0
1727288917435,224.75,5.0
1727288917901,224.76,27.0
1727288917901,224.76,71.0
1727288917923,224.7588,1.0
1727288918008,224.77,1.0
1727288918096,224.76,1.0
1727288918195,224.76,1.0
1727288918195,224.76,6.0
1727288918195,224.76,1.0
1727288918459,224.765,17.0
1727288918488,224.7685,1.0
1727288918499,224.7688,30.0
1727288918593,224.761,1.0
1727288918645,224.765,1.0
1727288918749,224.765,1.0
1727288918955,224.765,101.0
1727288919014,224.7699,1.0
1727288919165,224.7625,13.0
1727288919381,224.76,1.0
1727288919589,224.765,5.0
1727288920169,224.7685,1.0
1727288920169,224.77,1.0
1727288920191,224.76,100.0
1727288920193,224.7602,100.0
1727288920194,224.76,94.0
1727288920194,224.76,20.0
1727288920195,224.76,100.0
1727288920195,224.76,43.0
1727288920196,224.76,1000.0
1727288920196,224.76,100.0
1727288920196,224.76,300.0
1727288920197,224.76,100.0
1727288920231,224.76,200.0
1727288920252,224.755,12.0
1727288920309,224.76,100.0
1727288920431,224.7501,1.0
1727288921103,224.75,100.0
1727288921103,224.75,25.0
1727288921103,224.75,30.0
1727288921103,224.75,30.0
1727288921103,224.75,7.0
1727288921104,224.75,32.0
1727288921104,224.75,4.0
1727288921104,224.75,6.0
1727288921104,224.75,31.0
1727288921104,224.75,100.0
1727288921104,224.75,200.0
1727288921104,224.75,5.0
1727288921104,224.75,1.0
1727288920530,224.7587,100.0
1727288920755,224.6704,4.0
1727288920926,224.6704,1.0
1727288921214,224.755,100.0
1727288920985,224.7588,1.0
1727288920992,224.76,100.0
1727288921065,224.3748,13.0
1727288921539,224.7502,25.0
1727288921981,224.755,100.0
1727288922153,224.75,2.0
1727288922324,224.7511,69.0
1727288922433,224.755,1.0
1727288922465,224.76,225.0
1727288922466,224.76,275.0
1727288922528,224.755,157.0
1727288922531,224.76,43.0
1727288922859,224.7588,400.0
1727288922915,224.75,100.0
1727288923004,224.7509,2.0
1727288923143,224.755,1.0
1727288923281,224.75,100.0
1727288923281,224.75,100.0
1727288923281,224.75,100.0
1727288923281,224.75,100.0
1727288923281,224.75,100.0
1727288923281,224.75,200.0
1727288923283,224.75,100.0
1727288923312,224.76,1.0
1727288923314,224.755,2.0
1727288923314,224.76,21.0
1727288923325,224.76,1.0
1727288923353,224.755,1.0
1727288923468,224.755,100.0
1727288923484,224.75,100.0
1727288923484,224.75,100.0
1727288923484,224.75,25.0
1727288923484,224.75,73.0
1727288923484,224.75,100.0
1727288923485,224.75,100.0
1727288923485,224.75,22.0
1727288923485,224.75,100.0
1727288923485,224.75,53.0
1727288923487,224.75,25.0
1727288923508,224.75,90.0
1727288923706,224.75,100.0
1727288923760,224.75,100.0
1727288923802,224.75,1.0
1727288923802,224.75,25.0
1727288923802,224.75,24.0
1727288923802,224.75,50.0
1727288923803,224.75,20.0
1727288923803,224.75,25.0
1727288923803,224.75,25.0
1727288923811,224.75,25.0
1727288923825,224.75,5.0
1727288923825,224.75,100.0
1727288924049,224.75,1.0
1727288924143,224.746,28.0
1727288924318,224.75,16.0
1727288924390,224.7458,60.0
1727288924742,224.745,1.0
1727288926111,224.7411,1.0
1727288926162,224.745,20.0
1727288926238,224.745,100.0
1727288926239,224.745,21.0
1727288926249,224.7401,179.0
1727288926250,224.7401,200.0
1727288926355,224.746,100.0
1727288926541,224.7499,1.0
1727288985982,224.8186,1.0
1727288987358,224.815,1099.0
1727288987455,224.8185,7.0
1727288987467,224.8185,1.0
1727288987752,224.82,100.0
1727288987752,224.82,21.0
1727288987752,224.82,9.0
1727288987752,224.82,291.0
1727288987752,224.82,8.0
1727288987752,224.82,100.0
1727288987752,224.82,246.0
1727288987752,224.82,9.0
1727288987752,224.82,45.0
1727288987752,224.82,41.0
1727288987752,224.82,50.0
1727288987752,224.82,30.0
1727288987752,224.82,175.0
1727288987752,224.82,28.0
1727288987752,224.82,109.0
1727288987754,224.825,1.0
1727288989962,224.8388,1.0
1727288990012,224.835,1.0
1727288990101,224.8399,5.0
1727288990181,224.835,300.0
1727288990193,224.83,16.0
1727288990321,224.84,20.0
1727288990615,224.8499,5.0
1727288990542,224.8306,5.0
1727288990897,224.84,12.0
1727288991156,224.84,55.0
1727288991339,224.84,85.0
1727288991851,224.835,2.0
1727288991935,224.84,100.0
1727288992704,224.8303,1.0
1727288992717,224.8303,1.0
1727288993024,224.8388,1.0
1727288993063,224.8312,50.0
1727288993128,224.8399,20.0
1727288993362,224.835,80.0
1727288993365,224.834,100.0
1727288993376,224.835,5.0
1727288993629,224.84,100.0
1727288993630,224.84,2.0
1727288993630,224.84,26.0
1727288993630,224.84,500.0
1727288993630,224.84,2.0
1727288993630,224.84,5.0
1727288993630,224.84,6.0
1727288993630,224.84,50.0
1727288993632,224.84,3.0
1727288993654,224.84,100.0
1727288993663,224.84,2.0
1727288993664,224.85,1.0
1727288993666,224.85,1.0
1727288993676,224.85,1.0
1727288993766,224.8402,37.0
1727288993859,224.85,100.0
1727288993859,224.85,1.0
1727288993859,224.85,100.0
1727288993859,224.85,27.0
1727288993859,224.85,24.0
1727288993860,224.85,49.0
1727288993860,224.85,300.0
1727288993860,224.845,2.0
1727288993860,224.85,1551.0
1727288993860,224.85,225.0
1727288993860,224.845,98.0
1727288993860,224.845,2.0
1727288993860,224.85,124.0
1727288993860,224.85,1.0
1727288993860,224.85,3.0
1727288993864,224.85,24.0
1727288993946,224.8401,100.0
1727288994042,224.86,40.0
1727288994042,224.86,21.0
1727288994042,224.86,26.0
1727288994042,224.86,1.0
1727288994042,224.86,22.0
1727288994042,224.86,4.0
1727288994043,224.86,345.0
1727288994043,224.86,316.0
1727288994043,224.86,61.0
1727288994045,224.8488,1.0
1727288994048,224.87,10.0
1727288994068,224.87,4.0
1727288994330,224.8632,4.0
1727288994341,224.8632,1.0
1727288994396,224.6592,10.0
1727288994496,224.86,1.0
1727288994239,224.8622,40.0
1727288994521,224.87,19.0
1727288994521,224.87,46.0
1727288994521,224.87,100.0
1727288994522,224.87,100.0
1727288994543,224.86,1.0
1727288994558,224.8788,1.0
1727288994736,224.8631,334.0
1727288995045,224.87,10.0
1727288995382,224.8648,5.0
1727288995426,224.8601,27.0
1727288995579,224.86,1.0
1727288995928,224.87,8.0
1727288995927,224.87,12.0
1727288995992,224.87,100.0
1727288995993,224.87,100.0
1727288995994,224.8742,100.0
1727288995995,224.8742,100.0
1727288996168,224.8733,137.0
1727288996021,224.88,15.0
1727288996469,224.87,289.0
1727288996553,224.87,70.0
1727288996601,224.8788,1.0
1727288996783,224.8725,9.0
1727288996996,224.88,150.0
1727288997305,224.8701,100.0
1727288997310,224.875,1.0
1727288997654,224.88,15.0
1727288997654,224.88,35.0
1727288997654,224.88,2.0
1727288997654,224.88,63.0
1727288997654,224.88,32.0
1727288997654,224.88,68.0
1727288997654,224.88,1.0
1727288997654,224.88,100.0
1727288997654,224.88,17.0
1727288997655,224.88,50.0
1727288997657,224.88,100.0
1727288997659,224.88,50.0
1727288997660,224.88,25.0
1727288997664,224.8793,10.0
1727288997540,224.875,100.0
1727288997622,224.8788,1.0
1727288997622,224.8788,1.0
1727288997843,224.88,186.0
1727288997843,224.88,114.0
1727288997843,224.88,71.0
1727288997843,224.88,86.0
1727288997843,224.88,1.0
1727288997843,224.88,114.0
1727288997843,224.88,3.0
1727288997843,224.88,5.0
1727288997843,224.88,100.0
1727288997843,224.88,84.0
1727288997843,224.88,100.0
1727288997844,224.8842,100.0
1727288997845,224.88,100.0
1727288997907,224.8724,30.0
1727288997913,224.88,100.0
1727288997953,224.88,8.0
1727288998062,224.88,4.0
1727288998063,224.88,100.0
1727288998063,224.88,4.0
1727288998097,224.88,100.0
1727288998124,224.88,100.0
1727288998217,224.88,25.0
1727288998217,224.88,25.0
1727288998710,224.88,150.0
1727288998782,224.88,100.0
1727288998279,224.5934,91.0
1727288998452,224.89,10.0
1727288998489,224.88,16.0
1727288998644,224.8888,1.0
1727288999082,224.88,50.0
1727288999235,224.89,100.0
1727288999509,224.88,375.0
1727288999632,224.885,8.0
1727288999683,224.89,100.0
1727288999683,224.89,25.0
1727288999683,224.89,80.0
1727288999683,224.89,47.0
1727288999683,224.89,25.0
1727288999683,224.89,403.0
1727288999683,224.89,3.0
1727288999683,224.89,25.0
1727288999683,224.89,5.0
1727288999683,224.89,550.0
1727288999683,224.89,30.0
1727288999683,224.89,15.0
1727288999684,224.89,80.0
1727288999685,224.89,7.0
1727288999721,224.9,100.0
1727288999722,224.9,71.0
1727288999796,224.89,74.0
1727288999796,224.9,10.0
1727288999796,224.9,5.0
1727288999796,224.9,8.0
1727288999796,224.9,77.0
1727288999796,224.9,20.0
1727288999797,224.9,20.0
1727288999797,224.9,10.0
1727288999802,224.89,17.0
1727288999805,224.8999,91.0
1727288999805,224.8999,10.0
1727289000023,224.895,8.0
1727289000177,224.9,1.0
1727289000287,224.89,40.0
1727289000287,224.89,100.0
1727289000289,224.89,40.0
1727289000289,224.8947,40.0
1727289000289,224.89,25.0
1727289000289,224.89,200.0
1727289000289,224.89,100.0
1727289000289,224.89,3.0
1727289000289,224.89,5.0
1727289000289,224.8947,100.0
1727289000289,224.89,3.0
1727289000290,224.8947,100.0
1727289000291,224.8947,40.0
1727289000293,224.885,200.0
1727289000429,224.89,25.0
1727289000429,224.89,25.0
1727289000429,224.89,25.0
1727289000430,224.89,25.0
1727289000455,224.89,100.0
1727289000695,224.885,1600.0
1727289000744,224.88,2.0
1727289000744,224.88,8.0
1727289000744,224.88,4.0
1727289000744,224.88,288.0
1727289000744,224.88,4.0
1727289000744,224.88,96.0
1727289000744,224.88,100.0
1727289000744,224.88,29.0
1727289000744,224.88,11.0
1727289000744,224.88,5.0
1727289000744,224.88,5.0
1727289000744,224.88,5.0
1727289000744,224.88,5.0
1727289000744,224.88,5.0
1727289000744,224.88,5.0
1727289000745,224.88,50.0
1727289000745,224.88,350.0
1727289000745,224.88,70.0
1727289000745,224.88,40.0
1727289000753,224.8797,300.0
1727289000836,224.879,5.0
1727289000837,224.875,3.0
1727289000854,224.875,1.0
1727289000937,224.8701,200.0
1727289000941,224.875,2.0
1727289001906,224.8879,8.0
1727289001172,224.876,100.0
1727289001988,224.882,100.0
1727289001401,224.8799,75.0
1727289001541,224.875,49.0
1727289001573,224.878,1.0
1727289001594,224.875,10.0
1727289002000,224.88,45.0
1727289002100,224.87,62.0
1727289002100,224.87,38.0
1727289002100,224.87,100.0
1727289002100,224.87,100.0
1727289002100,224.87,100.0
1727289002100,224.87,100.0
1727289002100,224.87,5.0
1727289002100,224.87,10.0
1727289002100,224.87,100.0
1727289002100,224.87,100.0
1727289002100,224.87,200.0
1727289002100,224.87,53.0
1727289002100,224.87,9.0
1727289002101,224.87,44.0
1727289002101,224.87,44.0
1727289002101,224.87,11.0
1727289002101,224.87,12.0
1727289002101,224.87,68.0
1727289002101,224.87,21.0
1727289002101,224.87,14.0
1727289002101,224.87,4.0
1727289002101,224.87,22.0
1727289002101,224.87,5.0
1727289002101,224.87,36.0
1727289002101,224.87,4.0
1727289002101,224.87,25.0
1727289002101,224.87,1.0
1727289002101,224.87,50.0
1727289002101,224.87,40.0
1727289002101,224.87,13.0
1727289002101,224.87,87.0
1727289002101,224.87,13.0
1727289002101,224.87,99.0
1727289002101,224.87,20.0
1727289002104,224.87,100.0
1727289002104,224.87,52.0
1727289002104,224.87,2.0
1727289002109,224.875,3.0
1727289002111,224.875,44.0
1727289002125,224.87,80.0
1727289002228,224.87,50.0
1727289002337,224.87,40.0
1727289002380,224.87,20.0
1727289002380,224.87,100.0
1727289002380,224.87,29.0
1727289002381,224.87,100.0
1727289002484,224.872,150.0
1727289002484,224.87,100.0
1727289002511,224.872,50.0
1727289002983,224.8692,1.0
1727289002976,224.87,50.0
1727289002646,224.784,3.0
1727289002810,224.87,139.0
1727289002879,224.87,1.0
1727289002881,224.8601,5.0
1727289003050,224.8601,50.0
1727289003136,224.87,2.0
1727289003264,224.865,1.0
1727289003571,224.868,1.0
1727289003640,224.87,18.0
1727289003640,224.87,82.0
1727289003741,224.866,10.0
1727289003796,224.865,100.0
1727289003805,224.86,40.0
1727289003805,224.8601,40.0
1727289003805,224.86,60.0
1727289003806,224.8601,60.0
1727289003806,224.8601,286.0
1727289003819,224.8601,1.0
1727289003892,224.861,100.0
1727289004009,224.865,1078.0
1727289004102,224.865,1.0
1727289004381,224.8605,2.0
1727289004478,224.865,5.0
1727289004479,224.865,10.0
1727289004579,224.866,50.0
1727289004580,224.86,100.0
1727289004580,224.86,200.0
1727289004580,224.86,49.0
1727289004580,224.86,100.0
1727289004580,224.86,6.0
1727289004580,224.86,100.0
1727289004580,224.86,6.0
1727289004580,224.86,4.0
1727289004580,224.86,100.0
1727289004580,224.86,2.0
1727289004580,224.86,1.0
1727289004580,224.86,194.0
1727289004580,224.86,100.0
1727289004580,224.86,200.0
1727289004580,224.86,31.0
1727289004581,224.86,3.0
1727289004581,224.86,40.0
1727289004581,224.86,4.0
1727289004819,224.8609,2.0
1727289004895,224.8617,4.0
1727289005094,224.8665,1.0
1727289005118,224.8686,2.0
1727289005195,224.86,25.0
1727289005196,224.86,75.0
1727289005196,224.86,100.0
1727289005196,224.86,100.0
1727289005196,224.86,1.0
1727289005196,224.86,69.0
1727289005196,224.86,1.0
1727289005196,224.86,10.0
1727289005196,224.86,100.0
1727289005197,224.86,99.0
1727289005205,224.855,300.0
1727289005235,224.851,400.0
1727289005330,224.855,1.0
1727289005505,224.86,381.0
1727289005818,224.8671,1.0
1727289006203,224.855,2.0
1727289006308,224.8512,1.0
1727289007082,224.845,17.0
1727289007092,224.8438,18.0
1727289007094,224.84,200.0
1727289007095,224.84,10.0
1727289007095,224.84,3.0
1727289007095,224.84,6.0
1727289007095,224.84,40.0
1727289007095,224.84,36.0
1727289007095,224.84,64.0
1727289007105,224.84,100.0
1727289007105,224.84,20.0
1727289007105,224.84,19.0
1727289006447,224.855,3.0
1727289006447,224.855,179.0
1727289007119,224.84,1.0
1727289007125,224.84,199.0
1727289007125,224.84,36.0
1727289007125,224.84,28.0
1727289007125,224.845,2.0
1727289006502,224.855,97.0
1727289006505,224.855,80.0
1727289006543,224.86,12.0
1727289007147,224.83,7.0
1727289006543,224.86,3.0
1727289007162,224.84,5.0
1727289006630,224.855,300.0
1727289006633,224.85,40.0
1727289006634,224.85,40.0
1727289006635,224.85,200.0
1727289006635,224.85,51.0
1727289006635,224.85,30.0
1727289006635,224.85,100.0
1727289006635,224.85,100.0
1727289006635,224.85,3.0
1727289006635,224.85,1.0
1727289006635,224.85,100.0
1727289006635,224.85,4.0
1727289006635,224.85,38.0
1727289006635,224.85,10.0
1727289006637,224.85,100.0
1727289006638,224.85,20.0
1727289006638,224.84,100.0
1727289006639,224.84,100.0
1727289006641,224.84,483.0
1727289006645,224.84,100.0
1727289007023,224.8454,8.0
1727289007430,224.8355,17.0
1727289007981,224.84,25.0
1727289007485,224.84,1.0
1727289008105,224.85,20.0
1727289008105,224.85,46.0
1727289008105,224.84,39.0
1727289008105,224.84,19.0
1727289008107,224.85,2.0
1727289007502,224.84,10.0
1727289007691,224.4507,18.0
1727289007703,224.84,2.0
1727289008576,224.8429,222.0
1727289008577,224.8429,78.0
1727289008577,224.856,300.0
1727289008608,224.853,8.0
1727289008667,224.8531,2.0
1727289008759,224.85,20.0
1727289008759,224.85,80.0
1727289008760,224.855,2.0
1727289008760,224.85,2.0
1727289008760,224.85,98.0
1727289008760,224.85,2.0
1727289008760,224.85,98.0
1727289009316,224.845,1.0
1727289009426,224.84,100.0
1727289009426,224.84,100.0
1727289009426,224.84,20.0
1727289009426,224.84,25.0
1727289009426,224.84,100.0
1727289009426,224.84,10.0
1727289009427,224.84,25.0
1727289009427,224.84,100.0
1727289009427,224.84,40.0
1727289009427,224.84,35.0
1727289009427,224.84,40.0
1727289009428,224.84,65.0
1727289009746,224.84,1.0
1727289009980,224.8301,300.0
1727289010007,224.835,100.0
1727289009109,224.8401,500.0
1727289009119,224.85,2.0
1727289009918,224.8387,5.0
1727289010147,224.835,50.0
1727289010313,224.84,50.0
1727289011146,224.84,237.0
1727289011148,224.84,21.0
1727289011148,224.84,42.0
1727289011148,224.84,9.0
1727289010463,224.8301,50.0
1727289010478,224.84,2.0
1727289010490,224.8499,1.0
1727289010491,224.8499,55.0
1727289010754,224.84,70.0
1727289010762,224.84,1.0
1727289010795,224.84,25.0
1727289010796,224.84,75.0
1727289010800,224.8301,25.0
1727289010905,224.8301,50.0
1727289011194,224.85,1.0
1727289011201,224.85,22.0
1727289011201,224.85,200.0
1727289012101,224.85,38.0
1727289012102,224.855,300.0
1727289011602,224.855,18.0
1727289011602,224.855,3.0
1727289011607,224.855,4.0
1727289011610,224.855,3.0
1727289011815,224.855,200.0
1727289012196,224.8589,200.0
1727289012212,224.7922,4.0
1727289012018,224.855,100.0
1727289012277,224.855,30.0
1727289012636,224.8599,100.0
1727289012962,224.8412,1.0
1727289013358,224.85,16.0
1727289013544,224.62,100.0
1727289013608,224.86,10.0
1727289013695,224.855,2.0
1727289013701,224.8587,10.0
1727289013853,224.8586,1.0
1727289014224,224.8501,100.0
1727289014224,224.8552,12.0
1727289013951,224.85,25.0
1727289013963,224.8586,22.0
1727289014273,224.8526,600.0
1727289014077,224.8599,250.0
1727289015330,224.8402,30.0
1727289014778,224.8509,32.0
1727289014962,224.855,18.0
1727289014963,224.855,42.0
1727289015044,224.855,200.0
1727289015168,224.855,290.0
1727289015169,224.86,10.0
1727289015242,224.85,700.0
1727289015244,224.8501,5.0
1727289015246,224.85,1.0
1727289015247,224.85,100.0
1727289015247,224.85,2.0
1727289015248,224.85,100.0
1727289015248,224.85,98.0
1727289015251,224.845,120.0
1727289015253,224.85,200.0
1727289015254,224.8401,1.0
1727289015258,224.84,300.0
1727289015263,224.83,200.0
1727289015286,224.84,100.0
1727289015348,224.84,100.0
1727289015351,224.84,100.0
1727289015513,224.84,4.0
1727289015513,224.84,10.0
1727289015513,224.84,100.0
1727289015520,224.835,100.0
1727289015522,224.83,100.0
1727289015522,224.83,100.0
1727289015522,224.83,7.0
1727289015522,224.83,200.0
1727289015522,224.83,5.0
1727289015522,224.83,31.0
1727289015522,224.83,100.0
1727289015522,224.83,2.0
1727289015522,224.83,100.0
1727289015522,224.83,100.0
1727289015522,224.83,200.0
1727289015522,224.83,43.0
1727289015522,224.83,193.0
1727289015522,224.83,100.0
1727289015677,224.83,18.0
1727289015677,224.83,100.0
1727289015829,224.835,1.0
1727289015894,224.84,20.0
1727289015962,224.84,23.0
1727289016037,224.84,21.0
1727289016047,224.84,2.0
1727289016048,224.84,2.0
1727289016048,224.84,6.0
1727289016106,224.8499,300.0
1727289016113,224.845,60.0
1727289016155,224.845,2.0
1727289016349,224.845,149.0
1727289016350,224.845,100.0
1727289016358,224.845,38.0
1727289016457,224.84,100.0
1727289016457,224.84,100.0
1727289016457,224.84,20.0
1727289016457,224.84,25.0
1727289016462,224.83,100.0
1727289016462,224.83,25.0
1727289016462,224.83,100.0
1727289016462,224.83,25.0
1727289016462,224.83,9.0
1727289016462,224.83,100.0
1727289016462,224.84,5.0
1727289016467,224.83,25.0
1727289016471,224.83,100.0
1727289016471,224.83,20.0
1727289016471,224.83,25.0
1727289016471,224.84,5.0
1727289016471,224.84,2.0
1727289016471,224.84,1.0
1727289016475,224.83,25.0
1727289016478,224.84,180.0
1727289016480,224.83,2000.0
1727289016478,224.84,221.0
1727289016481,224.84,7.0
1727289016482,224.84,91.0
1727289016856,224.85,1.0
1727289017150,224.84,100.0
1727289017230,224.84,2.0
1727289017368,224.84,1.0
1727289017474,224.84,15.0
1727289017474,224.84,10.0
1727289017474,224.84,10.0
1727289017474,224.84,200.0
1727289017474,224.85,100.0
1727289017474,224.85,100.0
1727289017474,224.85,25.0
1727289017474,224.85,3.0
1727289017474,224.85,25.0
1727289017474,224.85,2.0
1727289017474,224.85,20.0
1727289017474,224.85,5.0
1727289017475,224.85,5.0
1727289017509,224.85,487.0
1727289017530,224.86,164.0
1727289017530,224.85,7.0
1727289017530,224.85,100.0
1727289017558,224.8488,1.0
1727289017558,224.8312,1.0
1727289017558,224.8488,1.0
1727289017633,224.85,100.0
1727289017697,224.8494,200.0
1727289018040,224.85,30.0
1727289018043,224.86,19.0
1727289018063,224.6158,1.0
1727289018148,224.85,20.0
1727289018148,224.85,25.0
1727289018149,224.85,10.0
1727289018149,224.85,1.0
1727289018561,224.8409,3.0
1727289019880,224.84,100.0
1727289019880,224.84,100.0
1727289019888,224.835,18.0
1727289019890,224.835,54.0
1727289019891,224.835,28.0
1727289019897,224.831,60.0
1727289020144,224.835,1.0
1727289020359,224.85,178.0
1727289020417,224.84,2.0
1727289020698,224.8475,300.0
1727289020501,224.84,18.0
1727289021622,224.8301,325.0
1727289021194,224.7003,100.0
1727289021314,224.83,100.0
1727289021593,224.84,8.0
1727289021593,224.84,10.0
1727289021593,224.84,20.0
1727289021596,224.835,92.0
1727289021598,224.8392,10.0
1727289021645,224.8488,1.0
1727289021957,224.834,20.0
1727289022135,224.83,46.0
1727289022214,224.84,1.0
1727289022220,224.8301,30.0
1727289022349,224.83,100.0
1727289022350,224.84,400.0
1727289022350,224.84,600.0
1727289022529,224.8482,9.0
1727289022658,224.84,50.0
1727289023177,224.8312,1.0
1727289023252,224.835,100.0
1727289023407,224.8311,50.0
1727289023408,224.84,200.0
1727289023408,224.83,100.0
1727289023408,224.83,100.0
1727289023408,224.83,5.0
1727289023408,224.83,4.0
1727289023408,224.83,100.0
1727289023408,224.83,100.0
1727289023409,224.83,100.0
1727289023410,224.84,100.0
1727289023720,224.8301,50.0
1727289024009,224.835,150.0
1727289024166,224.8399,700.0
1727289024275,224.835,1.0
1727289024397,224.845,100.0
1727289024421,224.841,30.0
1727289024500,224.85,64.0
1727289024500,224.85,36.0
1727289024501,224.85,200.0
1727289024501,224.85,1.0
1727289024501,224.85,49.0
1727289024574,224.8599,300.0
1727289024586,224.86,50.0
1727289024586,224.86,36.0
1727289024587,224.86,1.0
1727289024587,224.86,2.0
1727289024587,224.86,1000.0
1727289024593,224.87,42.0
1727289024686,224.8336,20.0
1727289024705,224.8601,100.0
1727289024793,224.869,6.0
1727289024796,224.87,1.0
1727289025024,224.8689,1.0
1727289025182,224.86,100.0
1727289025194,224.866,50.0
1727289025287,224.86,1.0
1727289025417,224.8609,10.0
1727289025423,224.87,1.0
1727289025458,224.835,300.0
1727289025768,224.8699,400.0
1727289025796,224.865,1.0
1727289025938,224.8697,50.0
1727289026019,224.865,382.0
1727289026353,224.865,111.0
1727289026687,224.8696,50.0
1727289026709,224.86,20.0
1727289026750,224.8612,1.0
1727289026750,224.8612,1.0
1727289026771,224.869,1.0
1727289026893,224.865,200.0
1727289027007,224.8605,66.0
1727289027287,224.8682,100.0
1727289027360,224.8688,50.0
1727289027430,224.8697,700.0
1727289027454,224.86,10.0
1727289027454,224.86,17.0
1727289027454,224.86,23.0
1727289027454,224.86,100.0
1727289027454,224.86,100.0
1727289027454,224.86,53.0
1727289027454,224.86,1.0
1727289027498,224.864,100.0
1727289027500,224.8642,10.0
1727289027612,224.8608,2.0
1727289027662,224.86,18.0
1727289027662,224.86,1.0
1727289027662,224.86,81.0
1727289027662,224.86,8.0
1727289027662,224.86,92.0
1727289027662,224.86,100.0
1727289027662,224.86,25.0
1727289027662,224.86,25.0
1727289027663,224.86,47.0
1727289027663,224.86,25.0
1727289027663,224.86,9.0
1727289027663,224.86,50.0
1727289027664,224.85,10.0
1727289027665,224.86,25.0
1727289027665,224.86,1.0
1727289027665,224.86,25.0
1727289027742,224.865,1.0
1727289028041,224.8618,450.0
1727289028398,224.85,100.0
1727289028414,224.86,700.0
1727289028861,224.8662,134.0
1727289028911,224.86,25.0
1727289029014,224.85,300.0
1727289029573,224.86,10.0
1727289029573,224.86,90.0
1727289029573,224.86,20.0
1727289029573,224.86,10.0
1727289029623,224.8591,10.0
1727289030519,224.8669,2.0
1727289029903,224.86,1.0
1727289030220,224.856,150.0
1727289030639,224.86,1.0
1727289030646,224.86,1.0
1727289030646,224.85,65.0
1727289030743,224.86,10.0
1727289031116,224.85,100.0
1727289031144,224.8578,10.0
1727289031195,224.86,4.0
1727289031195,224.86,3.0
1727289031420,224.855,12.0
1727289031420,224.855,8.0
1727289031421,224.855,11.0
1727289031423,224.855,3.0
1727289031442,224.85,1.0
1727289031442,224.85,3.0
1727289031442,224.85,3.0
1727289031445,224.85,41.0
1727289031610,224.85,100.0
1727289031863,224.85,100.0
1727289031863,224.85,90.0
1727289031863,224.85,8.0
1727289031863,224.85,1.0
1727289031863,224.85,100.0
1727289031863,224.85,1.0
1727289031863,224.85,93.0
1727289031893,224.85,1.0
1727289031911,224.84,50.0
1727289031911,224.84,40.0
1727289031912,224.83,1.0
1727289031912,224.84,8.0
1727289031912,224.84,100.0
1727289031912,224.83,50.0
1727289031941,224.835,100.0
1727289031972,224.83,77.0
1727289031972,224.83,8.0
1727289031974,224.83,100.0
1727289031985,224.83,10.0
1727289032496,224.83,1.0
1727289032689,224.8396,50.0
1727289032833,224.8309,5.0
1727289032878,224.8312,1.0
1727289032879,224.835,2.0
1727289032969,224.84,2.0
1727289032992,224.83,79.0
1727289032993,224.83,100.0
1727289032983,224.835,200.0
1727289033389,224.8312,1.0
1727289033576,224.83,21.0
1727289033576,224.83,79.0
1727289033577,224.83,100.0
1727289033578,224.835,100.0
1727289033598,224.835,400.0
1727289033602,224.83,100.0
1727289033602,224.83,200.0
1727289033603,224.83,100.0
1727289033603,224.83,57.0
1727289033610,224.83,100.0
1727289033611,224.83,23.0
1727289033611,224.83,100.0
1727289033611,224.83,100.0
1727289033611,224.83,100.0
1727289033611,224.83,100.0
1727289033611,224.83,40.0
1727289033611,224.83,145.0
1727289033611,224.83,55.0
1727289033611,224.83,100.0
1727289033611,224.83,100.0
1727289033611,224.83,100.0
1727289033611,224.83,100.0
1727289033611,224.83,100.0
1727289033611,224.83,40.0
1727289033611,224.83,10.0
1727289033612,224.83,25.0
1727289033613,224.83,1.0
1727289033614,224.82,200.0
1727289033614,224.8201,100.0
1727289033615,224.83,100.0
1727289033615,224.83,35.0
1727289033615,224.82,5.0
1727289033615,224.82,8.0
1727289033615,224.83,100.0
1727289033615,224.82,1.0
1727289033615,224.82,1.0
1727289033615,224.82,100.0
1727289033615,224.82,28.0
1727289033615,224.82,100.0
1727289033615,224.82,2.0
1727289033615,224.83,99.0
1727289033615,224.82,19.0
1727289033615,224.82,1.0
1727289033615,224.82,25.0
1727289033615,224.82,10.0
1727289033618,224.82,600.0
1727289033620,224.82,100.0
1727289033711,224.83,40.0
1727289033711,224.83,10.0
1727289033732,224.8292,1.0
1727289034580,224.8395,9.0
1727289035330,224.8304,100.0
1727289034410,224.8288,1.0
1727289035362,224.835,1.0
1727289035366,224.83,4.0
1727289034410,224.8288,1.0
1727289035412,224.834,500.0
1727289036599,224.8235,8.0
1727289036173,224.83,39.0
1727289036173,224.83,100.0
1727289036173,224.83,100.0
1727289036173,224.83,100.0
1727289035277,224.835,2.0
1727289036185,224.825,5.0
1727289036238,224.8299,100.0
1727289036260,224.825,1.0
1727289036721,224.825,2.0
1727289036737,224.82,100.0
1727289036737,224.83,200.0
1727289036737,224.82,9.0
1727289036737,224.82,9.0
1727289036738,224.82,82.0
1727289036738,224.82,100.0
1727289036738,224.82,5.0
1727289036738,224.82,4.0
1727289036738,224.82,200.0
1727289036744,224.82,100.0
1727289036744,224.82,20.0
1727289034921,224.8312,1.0
1727289036964,224.8288,1.0
1727289036985,224.83,25.0
1727289037010,224.825,381.0
1727289037013,224.825,2.0
1727289037020,224.825,1.0
1727289037600,224.828,1.0
1727289037882,224.83,3.0
1727289037897,224.825,200.0
1727289037675,224.825,1.0
1727289037904,224.8105,4.0
1727289037940,224.83,4.0
1727289037984,224.82,1.0
1727289038033,224.83,3.0
1727289038918,224.825,10.0
1727289038121,224.83,3.0
1727289038212,224.83,4.0
1727289038291,224.83,3.0
1727289038322,224.8211,40.0
1727289038350,224.8299,1.0
1727289038374,224.83,2.0
1727289038454,224.83,3.0
1727289038520,224.83,1.0
1727289038581,224.83,2.0
1727289038651,224.83,1.0
1727289039943,224.83,1.0
1727289039517,224.8288,1.0
1727289039547,224.825,1.0
1727289039691,224.8266,300.0
1727289039714,224.825,1.0
1727289039770,224.825,1.0
1727289040024,224.83,1.0
1727289039791,224.83,1.0
1727289039838,224.825,1.0
1727289040068,224.825,1.0
1727289039876,224.825,1.0
1727289040964,224.825,100.0
1727289040969,224.825,100.0
1727289040789,224.8203,14.0
1727289041100,224.825,1.0
1727289041184,224.8201,4.0
1727289041194,224.82,10.0
1727289041548,224.825,1.0
1727289041561,224.825,182.0
1727289042155,224.825,1.0
1727289042780,224.825,80.0
1727289043038,224.825,49.0
1727289043262,224.8209,2.0
1727289043942,224.825,200.0
1727289043942,224.825,200.0
1727289043943,224.82,1.0
1727289043948,224.8289,1.0
1727289045376,224.82,100.0
1727289045376,224.82,1.0
1727289045376,224.82,20.0
1727289045376,224.82,100.0
1727289049011,224.86,384.0
1727289049181,224.85,1.0
1727289049245,224.86,2.0
1727289049326,224.86,28.0
1727289049414,224.8671,2.0
1727289049663,224.8616,102.0
1727289106248,224.845,18.0
1727289106248,224.845,2.0
1727289106248,224.845,80.0
1727289106194,224.8545,10.0
1727289106568,224.84,100.0
1727289107477,224.7706,75.0
1727289107515,224.845,1.0
1727289107649,224.8452,1.0
1727289107876,224.85,1.0
1727289107876,224.85,295.0
1727289107877,224.85,19.0
1727289107877,224.85,19.0
1727289107877,224.85,1.0
1727289107877,224.85,19.0
1727289108476,224.8525,2.0
1727289108489,224.86,100.0
1727289108489,224.86,1.0
1727289108489,224.86,22.0
1727289108490,224.86,1.0
1727289108490,224.86,78.0
1727289108490,224.86,4.0
1727289108490,224.86,18.0
1727289108490,224.86,49.0
1727289108490,224.86,12.0
1727289108490,224.86,6.0
1727289108493,224.86,32.0
1727289110028,224.87,21.0
1727289110028,224.87,79.0
1727289110028,224.87,14.0
1727289110046,224.87,200.0
1727289110048,224.875,100.0
1727289110628,224.8725,63.0
1727289111534,224.875,2.0
1727289111624,224.875,44.0
1727289112022,224.875,2.0
1727289112461,224.875,3.0
1727289112544,224.88,13.0
1727289112544,224.88,7.0
1727289112544,224.88,80.0
1727289112544,224.88,100.0
1727289112544,224.88,100.0
1727289112545,224.88,10.0
1727289112545,224.88,100.0
1727289112545,224.88,40.0
1727289112546,224.885,5.0
1727289112553,224.8712,1.0
1727289112757,224.885,206.0
1727289112758,224.885,194.0
1727289112793,224.88,100.0
1727289112793,224.88,10.0
1727289112793,224.88,10.0
1727289112793,224.88,11.0
1727289112798,224.875,97.0
1727289113048,224.875,100.0
1727289113517,224.875,30.0
1727289113805,224.87,100.0
1727289113805,224.87,1.0
1727289113805,224.87,14.0
1727289113805,224.87,100.0
1727289113806,224.86,4.0
1727289113806,224.86,47.0
1727289113806,224.86,1.0
1727289113806,224.86,4.0
1727289113806,224.86,20.0
1727289113806,224.865,10.0
1727289113807,224.86,6.0
1727289113998,224.85,1.0
1727289113998,224.85,150.0
1727289113998,224.85,12.0
1727289113998,224.85,50.0
1727289113998,224.85,100.0
1727289113998,224.85,10.0
1727289114005,224.85,1.0
1727289114059,224.845,100.0
1727289114782,224.8499,350.0
1727289114101,224.84,25.0
1727289114101,224.84,75.0
1727289114138,224.845,1.0
1727289114144,224.84,1.0
1727289114254,224.841,100.0
1727289114254,224.8404,200.0
1727289114839,224.8499,2000.0
1727289114870,224.846,51.0
1727289114723,224.8436,62.0
1727289114729,224.845,89.0
1727289115140,224.846,100.0
1727289115286,224.8499,1.0
1727289115304,224.84,19.0
1727289115435,224.84,1.0
1727289115506,224.845,377.0
1727289115513,224.85,25.0
1727289115513,224.85,125.0
1727289115638,224.845,2.0
1727289115752,224.845,74.0
1727289116360,224.845,50.0
1727289116423,224.84,100.0
1727289116527,224.85,2.0
1727289116602,224.84,12.0
1727289116602,224.84,4.0
1727289116602,224.84,6.0
1727289116602,224.84,100.0
1727289116602,224.84,1.0
1727289116602,224.84,1.0
1727289116602,224.84,9.0
1727289116602,224.84,100.0
1727289116602,224.84,100.0
1727289116602,224.84,75.0
1727289116602,224.84,100.0
1727289116602,224.84,100.0
1727289116602,224.84,200.0
1727289116602,224.84,100.0
1727289116602,224.84,100.0
1727289116603,224.835,100.0
1727289116608,224.84,14.0
1727289117107,224.83,100.0
1727289117279,224.83,295.0
1727289117401,224.835,4.0
1727289117882,224.845,100.0
1727289117890,224.83,24.0
1727289118149,224.84,3.0
1727289118229,224.84,5.0
1727289118231,224.8355,5.0
1727289119123,224.8305,10.0
1727289118780,224.84,1.0
1727289118830,224.8368,10.0
1727289118859,224.835,3.0
1727289120223,224.835,42.0
1727289120030,224.835,2.0
1727289120121,224.835,1.0
1727289120464,224.84,18.0
1727289120465,224.84,100.0
1727289120480,224.845,3.0
1727289120638,224.84,20.0
1727289120638,224.84,11.0
1727289120638,224.84,100.0
1727289120638,224.84,69.0
1727289120650,224.8477,300.0
1727289120736,224.845,5.0
1727289121006,224.845,10.0
1727289121236,224.85,1.0
1727289121386,224.8499,10.0
1727289122230,224.846,60.0
1727289121720,224.84,100.0
1727289121964,224.845,23.0
1727289122377,224.849,511.0
1727289122648,224.845,1.0
1727289122649,224.845,2.0
1727289123278,224.8488,1.0
1727289123278,224.8488,1.0
1727289123278,224.8412,1.0
1727289122767,224.8488,1.0
1727289122829,224.8499,1.0
1727289122879,224.845,1.0
1727289123015,224.84,1.0
1727289123188,224.845,5.0
1727289123642,224.845,1.0
1727289123722,224.8411,50.0
1727289123788,224.8488,1.0
1727289124298,224.8488,1.0
1727289124298,224.8488,1.0
1727289124665,224.845,10.0
1727289124716,224.845,100.0
1727289125482,224.845,2.0
1727289124880,224.846,17.0
1727289124914,224.848,1.0
1727289124973,224.845,200.0
1727289125653,224.845,1.0
1727289125782,224.845,1.0
1727289126655,224.84,100.0
1727289127284,224.845,155.0
1727289127368,224.84,100.0
1727289127567,224.845,124.0
1727289127672,224.845,100.0
1727289127786,224.8403,1.0
1727289127786,224.85,1.0
1727289127788,224.85,8.0
1727289127791,224.85,1.0
1727289127973,224.848,100.0
1727289128382,224.84,11.0
1727289128382,224.84,76.0
1727289128382,224.84,4.0
1727289128382,224.84,1.0
1727289128382,224.84,4.0
1727289128382,224.84,100.0
1727289128382,224.84,100.0
1727289128382,224.84,5.0
1727289128382,224.84,100.0
1727289128382,224.84,100.0
1727289128382,224.84,10.0
1727289128382,224.84,90.0
1727289128382,224.84,100.0
1727289128382,224.84,100.0
1727289128382,224.84,100.0
1727289128382,224.84,28.0
1727289128383,224.84,34.0
1727289128392,224.835,100.0
1727289128393,224.835,487.0
1727289128393,224.835,1.0
1727289128394,224.835,47.0
1727289128445,224.83,6.0
1727289128571,224.8389,1.0
1727289128576,224.8392,1.0
1727289128579,224.8387,1.0
1727289128808,224.84,10.0
1727289128808,224.84,4.0
1727289128808,224.84,86.0
1727289128808,224.84,14.0
1727289128809,224.84,12.0
1727289128809,224.845,200.0
1727289128894,224.8312,1.0
1727289128894,224.8488,1.0
1727289128975,224.8483,80.0
1727289129395,224.84,35.0
1727289129592,224.8401,200.0
1727289129593,224.8401,200.0
1727289129603,224.84,22.0
1727289129650,224.835,100.0
1727289130428,224.8312,1.0
1727289130486,224.811,100.0
1727289130473,224.815,100.0
1727289129852,224.7877,100.0
1727289130624,224.82,1.0
1727289130112,224.8398,300.0
1727289130124,224.835,4.0
1727289130125,224.835,1.0
1727289130126,224.835,4.0
1727289130127,224.835,1.0
1727289130222,224.835,42.0
1727289130246,224.83,100.0
1727289130246,224.83,100.0
1727289130246,224.83,2.0
1727289130246,224.83,10.0
1727289130246,224.83,100.0
1727289130246,224.83,1.0
1727289130246,224.83,99.0
1727289130246,224.83,13.0
1727289130246,224.83,87.0
1727289130246,224.83,25.0
1727289130246,224.83,75.0
1727289130246,224.83,37.0
1727289130246,224.83,63.0
1727289130246,224.83,3.0
1727289130246,224.83,100.0
1727289130246,224.83,10.0
1727289130246,224.83,1.0
1727289130246,224.83,1.0
1727289130246,224.83,1.0
1727289130246,224.83,1.0
1727289130247,224.83,4.0
1727289130247,224.83,3.0
1727289130348,224.82,33.0
1727289130348,224.82,100.0
1727289130348,224.82,4.0
1727289130348,224.82,100.0
1727289130348,224.82,6.0
1727289130348,224.82,6.0
1727289130348,224.82,6.0
1727289130348,224.82,1.0
1727289130348,224.82,93.0
1727289130348,224.82,13.0
1727289130348,224.82,87.0
1727289130348,224.82,5.0
1727289130348,224.82,13.0
1727289130348,224.82,90.0
1727289130348,224.82,6.0
1727289130348,224.82,6.0
1727289130348,224.82,10.0
1727289130348,224.82,90.0
1727289130348,224.82,16.0
1727289130348,224.82,84.0
1727289130348,224.82,16.0
1727289130348,224.82,84.0
1727289130348,224.82,9.0
1727289130348,224.82,100.0
1727289130348,224.82,25.0
1727289130348,224.82,100.0
1727289130348,224.82,10.0
1727289130348,224.82,1.0
1727289130349,224.82,1.0
1727289130350,224.82,100.0
1727289130350,224.82,39.0
1727289130350,224.82,91.0
1727289130350,224.82,9.0
1727289130350,224.82,11.0
1727289130351,224.82,15.0
1727289130353,224.83,2.0
1727289130354,224.82,100.0
1727289130355,224.82,100.0
1727289130356,224.82,6.0
1727289130356,224.82,85.0
1727289130710,224.815,31.0
1727289130988,224.82,106.0
1727289131162,224.82,10.0
1727289131249,224.82,47.0
1727289131306,224.83,200.0
1727289131307,224.82,10.0
1727289131534,224.82,15.0
1727289131535,224.82,1.0
1727289131962,224.81,100.0
1727289131963,224.81,200.0
1727289132008,224.82,397.0
1727289132011,224.81,50.0
1727289132012,224.81,100.0
1727289132047,224.8106,200.0
1727289132081,224.8199,300.0
1727289132106,224.8117,300.0
1727289132729,224.8107,50.0
1727289132786,224.81,1.0
1727289132786,224.81,100.0
1727289132786,224.81,200.0
1727289132786,224.81,4.0
1727289132786,224.81,64.0
1727289132786,224.81,50.0
1727289132786,224.81,6.0
1727289132786,224.81,100.0
1727289132786,224.81,2.0
1727289132786,224.81,100.0
1727289132786,224.81,100.0
1727289132786,224.81,22.0
1727289132786,224.81,78.0
1727289132786,224.81,100.0
1727289132786,224.81,44.0
1727289132786,224.81,22.0
1727289132786,224.81,56.0
1727289132786,224.81,16.0
1727289132786,224.81,62.0
1727289132786,224.81,100.0
1727289132786,224.81,60.0
1727289132786,224.81,40.0
1727289132786,224.81,100.0
1727289132786,224.81,82.0
1727289132786,224.81,18.0
1727289132786,224.81,26.0
1727289133670,224.5489,1.0
1727289132806,224.81,42.0
1727289132806,224.81,58.0
1727289132806,224.81,73.0
1727289132806,224.81,27.0
1727289132806,224.81,74.0
1727289132806,224.81,100.0
1727289132806,224.81,74.0
1727289132807,224.81,26.0
1727289132807,224.81,74.0
1727289132808,224.81,100.0
1727289132808,224.81,25.0
1727289132808,224.81,11.0
1727289132809,224.81,89.0
1727289132809,224.81,37.0
1727289132810,224.81,100.0
1727289132838,224.81,100.0
1727289132891,224.81,100.0
1727289132893,224.81,100.0
1727289133258,224.806,200.0
1727289133313,224.8091,30.0
1727289133360,224.8503,4.0
1727289133411,224.8087,266.0
1727289133445,224.805,32.0
1727289133566,224.8001,8.0
1727289133566,224.8,8.0
1727289133568,224.8,42.0
1727289133809,224.8075,114.0
1727289133816,224.805,300.0
1727289133834,224.8,100.0
1727289133835,224.8,100.0
1727289133835,224.8,100.0
1727289133835,224.8,1.0
1727289133835,224.8,1.0
1727289133835,224.8,37.0
1727289133835,224.8,100.0
1727289133835,224.8,100.0
1727289133835,224.8,10.0
1727289133835,224.8,100.0
1727289133835,224.8,300.0
1727289133835,224.8,100.0
1727289133835,224.8,14.0
1727289133835,224.8,2.0
1727289133835,224.8,1.0
1727289133835,224.8,400.0
1727289133835,224.8,186.0
1727289133835,224.8,14.0
1727289133836,224.8,10.0
1727289133836,224.8,21.0
1727289133836,224.8,100.0
1727289133836,224.8,3.0
1727289133836,224.8,100.0
1727289133836,224.8,100.0
1727289133836,224.8,25.0
1727289133836,224.8,86.0
1727289133836,224.8,100.0
1727289133836,224.8,50.0
1727289133837,224.8,100.0
1727289133836,224.8,100.0
1727289133838,224.79,7.0
1727289133838,224.79,8.0
1727289133838,224.79,79.0
1727289133838,224.79,21.0
1727289133838,224.79,300.0
1727289133838,224.79,50.0
1727289133838,224.79,25.0
1727289133838,224.79,79.0
1727289133838,224.79,100.0
1727289133838,224.79,14.0
1727289133838,224.79,6.0
1727289133839,224.795,800.0
1727289133839,224.795,400.0
1727289133839,224.8,200.0
1727289133840,224.8,100.0
1727289133841,224.8,200.0
1727289133841,224.79,400.0
1727289133841,224.8,100.0
1727289133841,224.8,84.0
1727289133841,224.795,100.0
1727289133842,224.79,250.0
1727289133842,224.79,100.0
1727289133843,224.795,5.0
1727289133843,224.8,56.0
1727289133843,224.8,27.0
1727289133844,224.8,20.0
1727289133844,224.8,13.0
1727289133845,224.8,95.0
1727289133866,224.795,111.0
1727289133867,224.795,13.0
1727289134546,224.8398,2.0
1727289133946,224.7913,300.0
1727289134614,224.8362,100.0
1727289133979,224.79,50.0
1727289134735,224.8399,300.0
1727289134047,224.7951,800.0
1727289134198,224.8,100.0
1727289134198,224.8,100.0
1727289134198,224.8,200.0
1727289134342,224.795,475.0
1727289134352,224.8,1.0
1727289134361,224.805,225.0
1727289134396,224.81,1.0
1727289134397,224.81,4.0
1727289134398,224.82,300.0
1727289134401,224.83,5.0
1727289134460,224.83,1.0
1727289134461,224.835,299.0
1727289134515,224.7988,1.0
1727289134900,224.8264,65.0
1727289134980,224.83,28.0
1727289135135,224.82,700.0
1727289135234,224.83,400.0
1727289135274,224.83,1.0
1727289135508,224.83,251.0
1727289135590,224.82,100.0
1727289135590,224.82,65.0
1727289135590,224.82,10.0
1727289135590,224.82,100.0
1727289135706,224.83,2.0
1727289135788,224.84,200.0
1727289135788,224.83,2.0
1727289135788,224.83,1.0
1727289135790,224.84,1.0
1727289135793,224.82,100.0
1727289135845,224.825,17.0
1727289135982,224.825,1.0
1727289136047,224.8388,1.0
1727289136089,224.83,100.0
1727289136176,224.836,10.0
1727289136230,224.8232,300.0
1727289136548,224.83,1.0
1727289136609,224.83,4.0
1727289136609,224.83,4.0
1727289136609,224.83,2.0
1727289136616,224.84,25.0
1727289136737,224.8391,2.0
1727289136744,224.8388,300.0
1727289136829,224.84,100.0
1727289136845,224.835,12.0
1727289136910,224.83,1.0
1727289136986,224.835,10.0
1727289137004,224.835,50.0
1727289137726,224.836,60.0
1727289137364,224.84,28.0
1727289137493,224.5542,400.0
1727289137493,224.835,50.0
1727289137581,224.8312,1.0
1727289138005,224.835,1.0
1727289138896,224.836,60.0
1727289138209,224.839,5.0
1727289138967,224.84,70.0
1727289138971,224.8397,40.0
1727289138988,224.8397,160.0
1727289138989,224.835,100.0
1727289139112,224.8388,1.0
1727289139112,224.8388,1.0
1727289139693,224.835,100.0
1727289140135,224.8388,1.0
1727289140865,224.8375,16.0
1727289140158,224.835,20.0
1727289141074,224.835,10.0
1727289141103,224.8368,84.0
1727289140561,224.83,2.0
1727289140706,224.835,1.0
1727289140732,224.8364,5.0
1727289141827,224.835,100.0
1727289141842,224.83,100.0
1727289141875,224.8388,50.0
1727289142055,224.83,100.0
1727289141568,224.836,3.0
1727289141682,224.8368,1.0
1727289141710,224.835,95.0
1727289141733,224.8385,3.0
1727289142288,224.8313,1.0
1727289142704,224.8388,1.0
1727289142761,224.8393,754.0
1727289143014,224.835,25.0
1727289143223,224.8301,500.0
1727289143422,224.8313,1.0
1727289143518,224.8399,26.0
1727289143576,224.835,1.0
1727289143734,224.8303,50.0
1727289143770,224.835,100.0
1727289143801,224.8335,1.0
1727289143865,224.835,1.0
1727289144101,224.835,21.0
1727289144499,224.8326,1250.0
1727289145049,224.84,100.0
1727289145085,224.836,100.0
1727289145458,224.8301,100.0
1727289145563,224.835,50.0
1727289145580,224.83,1.0
1727289145623,224.835,50.0
1727289146582,224.83,40.0
1727289146582,224.83,5.0
1727289146582,224.83,3.0
1727289146582,224.83,100.0
1727289146582,224.83,5.0
1727289146582,224.83,10.0
1727289146582,224.83,10.0
1727289146582,224.83,25.0
1727289146709,224.8323,3.0
1727289147079,224.8387,30.0
1727289147155,224.83,5.0
1727289147698,224.835,10.0
1727289147797,224.83,59.0
1727289147810,224.8396,2.0
1727289147845,224.84,299.0
1727289147845,224.84,100.0
1727289147845,224.84,100.0
1727289147845,224.84,100.0
1727289147845,224.84,100.0
1727289147845,224.84,140.0
1727289147845,224.84,175.0
1727289147845,224.84,1.0
1727289147845,224.84,100.0
1727289147846,224.84,99.0
1727289147846,224.85,100.0
1727289147846,224.85,40.0
1727289147846,224.85,30.0
1727289147846,224.85,99.0
1727289147846,224.84,5.0
1727289147846,224.84,4.0
1727289147846,224.85,10.0
1727289147846,224.85,2.0
1727289147846,224.85,5.0
1727289147847,224.845,100.0
1727289147848,224.85,1.0
1727289147952,224.835,1.0
1727289148106,224.85,5.0
1727289148110,224.845,200.0
1727289148417,224.8453,3.0
1727289148757,224.845,1.0
1727289148890,224.845,24.0
1727289149136,224.845,50.0
1727289149309,224.845,81.0
1727289149311,224.845,50.0
1727289149312,224.8409,100.0
1727289149320,224.8497,81.0
1727289149445,224.8439,4195.0
1727289149450,224.845,1.0
1727289149510,224.845,384.0
1727289149533,224.8486,100.0
1727289149664,224.85,25.0
1727289149668,224.8492,12.0
1727289150528,224.8499,4.0
1727289150102,224.85,100.0
1727289150557,224.8405,2.0
1727289150681,224.845,7.0
1727289150770,224.8486,100.0
1727289151163,224.85,200.0
1727289151163,224.85,50.0
1727289151163,224.85,10.0
1727289151163,224.85,40.0
1727289151202,224.85,100.0
1727289151202,224.85,40.0
1727289151202,224.85,100.0
1727289151202,224.85,34.0
1727289151202,224.85,23.0
1727289151202,224.85,25.0
1727289151202,224.85,10.0
1727289151202,224.86,10.0
1727289151203,224.85,40.0
1727289151203,224.85,25.0
1727289151203,224.84,9.0
1727289151203,224.84,22.0
1727289151203,224.84,5.0
1727289151203,224.84,7.0
1727289151203,224.84,1.0
1727289151203,224.84,10.0
1727289151204,224.84,22.0
1727289151230,224.5617,15.0
1727289151336,224.8536,50.0
1727289151988,224.855,15.0
1727289152089,224.855,140.0
1727289152121,224.851,66.0
1727289152359,224.86,6.0
1727289152359,224.86,100.0
1727289152359,224.86,25.0
1727289152360,224.86,30.0
1727289152408,224.86,1.0
1727289152434,224.855,200.0
1727289152446,224.8599,10.0
1727289152633,224.8507,15.0
1727289152926,224.85,3.0
1727289152926,224.85,2.0
1727289152926,224.85,100.0
1727289152926,224.85,40.0
1727289153606,224.8499,250.0
1727289153145,224.85,25.0
1727289153145,224.85,53.0
1727289153145,224.85,100.0
1727289153145,224.85,2.0
1727289153145,224.85,487.0
1727289153785,224.85,100.0
1727289153219,224.85,1.0
1727289153244,224.841,50.0
1727289153463,224.845,70.0
1727289153477,224.84,100.0
1727289153477,224.84,17.0
1727289153477,224.84,100.0
1727289153477,224.84,183.0
1727289153477,224.84,200.0
1727289153477,224.84,1.0
1727289153477,224.84,99.0
1727289153479,224.8447,100.0
1727289153479,224.8447,17.0
1727289153479,224.8447,100.0
1727289153479,224.8447,183.0
1727289153479,224.8447,40.0
1727289153480,224.8447,8.0
1727289153480,224.8447,200.0
1727289153480,224.8447,1.0
1727289153480,224.8447,99.0
1727289153480,224.8447,82.0
1727289153481,224.8401,200.0
1727289154105,224.845,25.0
1727289153506,224.84,1.0
1727289153506,224.84,1.0
1727289153507,224.84,100.0
1727289154217,224.856,100.0
1727289154193,224.85,100.0
1727289154193,224.85,25.0
1727289154193,224.85,100.0
1727289154193,224.85,7.0
1727289154193,224.85,38.0
1727289154194,224.85,7.0
1727289154194,224.85,2.0
1727289154204,224.855,2.0
1727289154342,224.856,50.0
1727289154401,224.86,100.0
1727289154401,224.86,84.0
1727289154415,224.855,4.0
1727289154451,224.8488,1.0
1727289154628,224.86,20.0
1727289154628,224.86,100.0
1727289154739,224.8516,7.0
1727289155076,224.85,1.0
1727289155076,224.855,50.0
1727289155080,224.855,50.0
1727289155199,224.85,100.0
1727289155199,224.85,100.0
1727289155753,224.8491,50.0
1727289155766,224.8499,1.0
1727289155807,224.8411,300.0
1727289156051,224.84,69.0
1727289156051,224.84,4.0
1727289156051,224.84,27.0
1727289156421,224.845,500.0
1727289156445,224.845,50.0
1727289156505,224.84,73.0
1727289156505,224.84,100.0
1727289156505,224.84,27.0
1727289156572,224.8499,300.0
1727289157006,224.8412,1.0
1727289157190,224.845,19.0
1727289157193,224.845,18.0
1727289157571,224.845,100.0
1727289157912,224.845,1.0
1727289157931,224.8484,100.0
1727289158008,224.845,376.0
1727289158093,224.845,1.0
1727289158181,224.845,5.0
1727289158193,224.85,100.0
1727289158193,224.85,25.0
1727289158194,224.85,1.0
1727289158194,224.85,100.0
1727289158447,224.5706,100.0
1727289158528,224.87,1.0
1727289158987,224.8519,43.0
1727289159457,224.855,13.0
1727289159696,224.8464,3.0
1727289159865,224.8598,1.0
1727289159877,224.86,1.0
1727289160053,224.8597,600.0
1727289160068,224.8588,1.0
1727289160192,224.8592,2.0
1727289160211,224.85,100.0
1727289160549,224.855,130.0
1727289160578,224.86,1.0
1727289160706,224.855,23.0
1727289161394,224.855,300.0
1727289161528,224.8542,200.0
1727289161533,224.855,50.0
1727289161552,224.855,22.0
1727289161748,224.8536,35.0
1727289161849,224.851,3.0
1727289162061,224.8599,1.0
1727289162311,224.851,1.0
1727289163148,224.855,10.0
1727289162990,224.8521,19.0
1727289163014,224.807,100.0
1727289163296,224.85,15.0
1727289163466,224.85,200.0
1727289163466,224.85,4.0
1727289163466,224.85,100.0
1727289163466,224.85,100.0
1727289163468,224.84,73.0
1727289163468,224.84,23.0
1727289163824,224.845,3.0
1727289163998,224.84,99.0
1727289163998,224.84,1.0
1727289163999,224.84,4.0
1727289163999,224.84,100.0
1727289163999,224.84,100.0
1727289163999,224.84,500.0
1727289163999,224.84,11.0
1727289163999,224.84,100.0
1727289163999,224.84,25.0
1727289163999,224.84,100.0
1727289163999,224.84,25.0
1727289163999,224.84,3.0
1727289163999,224.84,25.0
1727289163999,224.84,1.0
1727289163999,224.84,2.0
1727289163999,224.84,2.0
1727289163999,224.84,2.0
1727289163999,224.84,2.0
1727289163999,224.84,2.0
1727289163999,224.84,10.0
1727289163999,224.84,10.0
1727289163999,224.84,6.0
1727289164000,224.84,2.0
1727289164000,224.84,100.0
1727289164003,224.84,100.0
1727289164010,224.84,25.0
1727289164010,224.84,100.0
1727289164011,224.84,100.0
1727289164015,224.8498,500.0
1727289164017,224.85,1.0
1727289164124,224.84,16.0
1727289164124,224.84,20.0
1727289164154,224.8488,1.0
1727289164355,224.84,100.0
1727289164497,224.84,85.0
1727289164497,224.84,1.0
1727289164499,224.84,1.0
1727289164499,224.84,99.0
1727289164499,224.84,28.0
1727289164499,224.84,80.0
1727289164499,224.84,40.0
1727289164740,224.84,40.0
1727289164747,224.8314,60.0
1727289164881,224.83,1.0
1727289164881,224.83,10.0
1727289164881,224.83,87.0
1727289164948,224.835,2.0
1727289165064,224.835,68.0
1727289165091,224.8392,25.0
1727289165130,224.835,8.0
1727289165154,224.84,8.0
1727289165154,224.84,100.0
1727289165154,224.84,20.0
1727289165157,224.84,7.0
1727289165160,224.84,4.0
1727289165162,224.84,4.0
1727289165273,224.83,1.0
1727289165273,224.83,99.0
1727289165293,224.835,14.0
1727289165420,224.8399,1.0
1727289167183,224.835,1.0
1727289167220,224.84,1.0
1727289167731,224.8312,1.0
1727289230022,224.82,200.0
1727289230366,224.8092,1.0
1727289230980,224.805,1.0
1727289230984,224.8,88.0
1727289231166,224.81,20.0
1727289231270,224.81,8.0
1727289231387,224.805,2.0
1727289231592,224.8012,1.0
1727289231603,224.805,1.0
1727289232131,224.81,80.0
1727289232753,224.8,5.0
1727289232984,224.8,600.0
1727289232997,224.81,2.0
1727289233178,224.81,3.0
1727289233260,224.8099,10.0
1727289233634,224.81,1.0
1727289233741,224.805,1.0
1727289233766,224.81,10.0
1727289233766,224.81,10.0
1727289234202,224.805,1.0
1727289233993,224.81,50.0
1727289234315,224.804,10.0
1727289234527,224.804,1.0
1727289234621,224.8,100.0
1727289234910,224.8014,14.0
1727289235001,224.805,1.0
1727289235016,224.8099,200.0
1727289235016,224.8099,299.0
1727289235156,224.8273,43.0
1727289235418,224.8216,15.0
1727289235583,224.81,1.0
1727289235596,224.805,50.0
1727289236174,224.81,2.0
1727289236174,224.81,2.0
1727289236334,224.8099,5.0
1727289236747,224.8,22.0
1727289236768,224.8035,6.0
1727289236877,224.8087,100.0
1727289237294,224.805,292.0
1727289237491,224.8001,1.0
1727289237566,224.8095,5.0
1727289237744,224.8001,50.0
1727289237746,224.8091,60.0
1727289237835,224.801,100.0
1727289238298,224.8091,55.0
1727289238339,224.8332,9.0
1727289238681,224.8,78.0
1727289238681,224.8,22.0
1727289238997,224.809,1.0
1727289239664,224.805,100.0
1727289239690,224.805,89.0
1727289239695,224.81,100.0
1727289239695,224.81,100.0
1727289239696,224.81,50.0
1727289239696,224.81,50.0
1727289239696,224.81,50.0
1727289239696,224.81,50.0
1727289239697,224.81,50.0
1727289239855,224.81,30.0
1727289239916,224.8099,5.0
1727289240693,224.81,2.0
1727289240693,224.81,100.0
1727289240693,224.81,100.0
1727289240693,224.82,100.0
1727289240693,224.82,100.0
1727289240693,224.82,20.0
1727289240693,224.82,1876.0
1727289240693,224.81,100.0
1727289240693,224.81,100.0
1727289240694,224.81,2.0
1727289240694,224.81,100.0
1727289240694,224.82,17.0
1727289240694,224.82,58.0
1727289240694,224.82,49.0
1727289240721,224.82,10.0
1727289240225,224.805,54.0
1727289240292,224.805,20.0
1727289240763,224.81,36.0
1727289240973,224.815,4.0
1727289240973,224.815,10.0
1727289240909,224.81,300.0
1727289241112,224.81,64.0
1727289241113,224.81,40.0
1727289241113,224.81,100.0
1727289241113,224.81,10.0
1727289241113,224.81,1.0
1727289241113,224.81,100.0
1727289241113,224.81,10.0
1727289241113,224.81,200.0
1727289241114,224.805,110.0
1727289241188,224.8162,1.0
1727289241474,224.81,39.0
1727289241581,224.8,100.0
1727289242139,224.8,10.0
1727289242139,224.8,8.0
1727289242139,224.8,149.0
1727289242139,224.8,1.0
1727289242139,224.8,8.0
1727289242139,224.8,4.0
1727289242139,224.8,1.0
1727289242139,224.8,1.0
1727289242139,224.8,1.0
1727289242139,224.8,100.0
1727289242139,224.8,100.0
1727289242139,224.8,3.0
1727289242139,224.8,3.0
1727289242139,224.8,100.0
1727289242139,224.8,15.0
1727289242139,224.8,100.0
1727289242139,224.8,5.0
1727289242139,224.8,351.0
1727289242139,224.8,100.0
1727289242139,224.8,3.0
1727289242139,224.8,100.0
1727289242139,224.8,100.0
1727289242139,224.8,100.0
1727289242139,224.8,100.0
1727289242139,224.8,22.0
1727289242139,224.8,12.0
1727289242139,224.8,41.0
1727289242139,224.8,78.0
1727289242139,224.8,167.0
1727289242139,224.8,33.0
1727289242139,224.8,100.0
1727289242139,224.8,100.0
1727289242139,224.8,100.0
1727289242139,224.8,100.0
1727289242139,224.8,200.0
1727289242139,224.8,100.0
1727289242139,224.8,100.0
1727289242139,224.8,100.0
1727289242139,224.8,26.0
1727289242139,224.8,74.0
1727289242139,224.8,100.0
1727289242139,224.8,100.0
1727289242139,224.8,100.0
1727289242139,224.8,100.0
1727289242139,224.8,29.0
1727289242139,224.8,85.0
1727289242139,224.8,59.0
1727289242139,224.8,71.0
1727289242139,224.8,100.0
1727289242139,224.8,2.0
1727289242139,224.8,100.0
1727289242140,224.8,85.0
1727289242140,224.8,100.0
1727289242140,224.8,15.0
1727289242157,224.8,100.0
1727289242158,224.795,18.0
1727289242161,224.8,100.0
1727289242860,224.8014,1.0
1727289242871,224.8,4.0
1727289242872,224.8,31.0
1727289242453,224.805,1.0
1727289242880,224.805,2.0
1727289242527,224.805,11.0
1727289243143,224.8001,111.0
1727289243239,224.805,100.0
1727289244223,224.805,1.0
1727289243513,224.81,375.0
1727289243999,224.805,8.0
1727289244430,224.805,158.0
1727289244509,224.81,29.0
1727289244509,224.81,7.0
1727289244509,224.81,64.0
1727289244509,224.81,100.0
1727289244510,224.82,20.0
1727289244510,224.82,5.0
1727289244511,224.81,1.0
1727289244512,224.815,100.0
1727289244512,224.82,20.0
1727289244512,224.82,80.0
1727289244512,224.82,3.0
1727289244520,224.81,2.0
1727289244520,224.82,2.0
1727289244813,224.8033,600.0
1727289244992,224.81,40.0
1727289245283,224.8336,300.0
1727289245027,224.81,50.0
1727289245338,224.8,100.0
1727289245234,224.8336,100.0
1727289245451,224.81,7.0
1727289245581,224.8002,99.0
1727289245658,224.81,40.0
1727289245748,224.81,142.0
1727289245767,224.81,200.0
1727289245886,224.81,9.0
1727289246106,224.8199,1.0
1727289246257,224.8337,100.0
1727289246349,224.8,100.0
1727289246393,224.815,1.0
1727289246670,224.815,20.0
1727289246683,224.815,20.0
1727289247087,224.81,200.0
1727289247272,224.81,100.0
1727289247272,224.81,49.0
1727289247272,224.81,1.0
1727289247273,224.81,100.0
1727289247273,224.81,100.0
1727289247276,224.81,250.0
1727289247566,224.8099,4.0
1727289247611,224.809,1.0
1727289247692,224.805,17.0
1727289247696,224.8,1.0
1727289247697,224.8001,1.0
1727289247700,224.8,10.0
1727289247700,224.8,89.0
1727289247701,224.8001,10.0
1727289247702,224.8001,89.0
1727289247901,224.81,2.0
1727289247901,224.81,18.0
1727289247905,224.801,29.0
1727289247917,224.8,2.0
1727289247917,224.8,3.0
1727289247917,224.8,11.0
1727289247917,224.8,16.0
1727289247920,224.8,5.0
1727289247920,224.8,100.0
1727289247920,224.8,1.0
1727289247920,224.8,6.0
1727289247921,224.8,84.0
1727289247921,224.8,4.0
1727289247921,224.8,96.0
1727289247921,224.8,94.0
1727289248020,224.8076,1.0
1727289248032,224.8084,2.0
1727289248035,224.8,13.0
1727289248114,224.8,2.0
1727289248410,224.805,1.0
1727289248759,224.8,6.0
1727289248759,224.8,27.0
1727289248763,224.8,5.0
1727289248768,224.8,6.0
1727289248773,224.8,2.0
1727289248775,224.805,4.0
1727289248778,224.8,7.0
1727289248781,224.8,47.0
1727289248781,224.8,10.0
1727289248783,224.8,100.0
1727289248783,224.8,100.0
1727289248784,224.8,43.0
1727289248994,224.8091,1.0
1727289248998,224.81,7.0
1727289248998,224.81,3.0
1727289248998,224.81,9.0
1727289249163,224.8008,5.0
1727289249314,224.8,1.0
1727289249316,224.8,2.0
1727289249317,224.8,10.0
1727289249317,224.8,100.0
1727289249317,224.8,40.0
1727289249325,224.8,10.0
1727289249474,224.7988,1.0
1727289249578,224.79,1.0
1727289249815,224.8,1.0
1727289249817,224.79,33.0
1727289249885,224.7999,1.0
1727289249886,224.8,1.0
1727289250225,224.795,33.0
1727289250338,224.79,50.0
1727289250962,224.795,1.0
1727289251004,224.7988,1.0
1727289251046,224.7997,100.0
1727289251087,224.7972,124.0
1727289251913,224.8,4.0
1727289251913,224.7958,4.0
1727289251934,224.795,1.0
1727289252025,224.7988,1.0
1727289252096,224.7913,3.0
1727289252369,224.7988,30.0
1727289252687,224.794,100.0
1727289253047,224.7988,1.0
1727289253052,224.79,53.0
1727289253052,224.79,100.0
1727289253052,224.79,28.0
1727289253052,224.79,72.0
1727289253052,224.79,28.0
1727289253052,224.79,172.0
1727289253052,224.79,100.0
1727289253052,224.79,27.0
1727289253052,224.79,73.0
1727289253052,224.79,100.0
1727289253052,224.79,99.0
1727289253052,224.79,122.0
1727289253052,224.79,100.0
1727289253052,224.79,78.0
1727289253052,224.79,115.0
1727289253052,224.79,100.0
1727289253052,224.79,200.0
1727289253052,224.79,100.0
1727289253052,224.79,100.0
1727289253052,224.79,1700.0
1727289253052,224.79,100.0
1727289253052,224.79,100.0
1727289253052,224.79,100.0
1727289253052,224.79,25.0
1727289253052,224.795,100.0
1727289253052,224.8,99.0
1727289253052,224.8,100.0
1727289253052,224.8,25.0
1727289253052,224.79,1.0
1727289253052,224.79,100.0
1727289253052,224.79,15.0
1727289253052,224.79,5.0
1727289253052,224.79,100.0
1727289253052,224.79,4.0
1727289253052,224.79,8.0
1727289253052,224.79,100.0
1727289253052,224.79,100.0
1727289253052,224.79,8.0
1727289253052,224.79,100.0
1727289253052,224.79,8.0
1727289253052,224.79,84.0
1727289253052,224.79,1.0
1727289253052,224.79,1.0
1727289253052,224.79,25.0
1727289253053,224.8,100.0
1727289253053,224.79,75.0
1727289253053,224.79,33.0
1727289253053,224.79,67.0
1727289253053,224.79,53.0
1727289253074,224.79,100.0
1727289253074,224.79,200.0
1727289253095,224.78,10.0
1727289253095,224.78,1.0
1727289253095,224.78,100.0
1727289253095,224.78,89.0
1727289253095,224.78,1.0
1727289253095,224.78,210.0
1727289253095,224.78,191.0
1727289253095,224.78,1.0
1727289253095,224.78,180.0
1727289253095,224.78,300.0
1727289253096,224.78,220.0
1727289253096,224.78,10.0
1727289253096,224.78,9.0
1727289253096,224.78,35.0
1727289253096,224.78,1.0
1727289253096,224.78,1.0
1727289253096,224.77,50.0
1727289253097,224.77,5.0
1727289253097,224.77,50.0
1727289253097,224.77,11.0
1727289253097,224.77,1.0
1727289253097,224.77,28.0
1727289253097,224.77,100.0
1727289253097,224.77,1.0
1727289253097,224.77,38.0
1727289253097,224.77,10.0
1727289253097,224.77,71.0
1727289253100,224.78,49.0
1727289253101,224.78,1.0
1727289253111,224.795,1.0
1727289253147,224.7612,75.0
1727289253149,224.7689,17.0
1727289253308,224.765,110.0
1727289253328,224.77,17.0
1727289253350,224.774,200.0
1727289253354,224.7702,400.0
1727289253392,224.78,18.0
1727289253467,224.78,32.0
1727289253686,224.7701,400.0
1727289253811,224.8203,4.0
1727289253968,224.775,100.0
1727289254072,224.7701,400.0
1727289254152,224.78,62.0
1727289254153,224.78,38.0
1727289254206,224.79,49.0
1727289254262,224.785,200.0
1727289254357,224.7824,300.0
1727289254399,224.7959,25.0
1727289254476,224.7824,400.0
1727289254480,224.79,110.0
1727289254509,224.79,379.0
1727289254549,224.79,45.0
1727289254579,224.7888,1.0
1727289254731,224.8,75.0
1727289254736,224.799,75.0
1727289254736,224.8,49.0
1727289254736,224.7915,49.0
1727289254843,224.79,1.0
1727289255586,224.8092,4.0
1727289254864,224.79,100.0
1727289254864,224.79,100.0
1727289254864,224.79,20.0
1727289254864,224.79,80.0
1727289254865,224.79,20.0
1727289254865,224.79,80.0
1727289254884,224.79,1.0
1727289255479,224.805,1.0
1727289255089,224.7988,1.0
1727289255775,224.7931,50.0
1727289255169,224.7999,1.0
1727289255169,224.795,91.0
1727289255170,224.795,18.0
1727289255170,224.8,1.0
1727289255170,224.795,1.0
1727289255197,224.8,100.0
1727289255315,224.795,100.0
1727289255386,224.8,100.0
1727289255386,224.8,100.0
1727289255386,224.8,100.0
1727289255386,224.8,40.0
1727289255386,224.8,40.0
1727289255386,224.8,100.0
1727289255386,224.8,100.0
1727289255386,224.8,11.0
1727289255388,224.795,40.0
1727289255388,224.795,14.0
1727289255404,224.8,468.0
1727289256730,224.83,58.0
1727289256170,224.81,100.0
1727289256192,224.81,1.0
1727289256193,224.81,99.0
1727289256193,224.81,1.0
1727289256273,224.82,10.0
1727289256355,224.814,45.0
1727289256533,224.82,100.0
1727289256533,224.82,25.0
1727289256533,224.82,100.0
1727289256533,224.82,24.0
1727289257004,224.83,10.0
1727289257064,224.82,100.0
1727289257502,224.825,100.0
1727289257189,224.83,13.0
1727289257528,224.82,1.0
1727289257731,224.8201,100.0
1727289257327,224.825,9.0
1727289257952,224.825,25.0
1727289258203,224.825,1.0
1727289258273,224.82,89.0
1727289258273,224.82,11.0
1727289258273,224.82,20.0
1727289258273,224.82,100.0
1727289258276,224.81,1.0
1727289258503,224.8102,1.0
1727289258592,224.82,1.0
1727289258806,224.82,5.0
1727289259070,224.82,1.0
1727289259073,224.827,377.0
1727289259174,224.8112,1.0
1727289259277,224.825,5.0
1727289259376,224.825,100.0
1727289259434,224.825,10.0
1727289259507,224.824,5.0
1727289259587,224.8224,44.0
1727289259646,224.82,20.0
1727289259650,224.8189,174.0
1727289259803,224.8185,50.0
1727289260327,224.81,10.0
1727289260327,224.81,10.0
1727289260327,224.81,5.0
1727289260327,224.81,40.0
1727289260327,224.81,35.0
1727289260686,224.815,8.0
1727289260690,224.81,1.0
1727289260711,224.8346,100.0
1727289260765,224.81,100.0
1727289261279,224.82,20.0
1727289261279,224.82,25.0
1727289261975,224.82,25.0
1727289261749,224.8112,1.0
1727289262263,224.8109,1.0
1727289262287,224.815,125.0
1727289262315,224.811,30.0
1727289262504,224.815,18.0
1727289262505,224.815,32.0
1727289262587,224.815,20.0
1727289263080,224.82,4.0
1727289262770,224.8188,1.0
1727289262922,224.81,100.0
1727289263147,224.815,1.0
1727289263281,224.82,100.0
1727289263281,224.82,35.0
1727289263281,224.82,65.0
1727289263281,224.82,300.0
1727289263281,224.83,20.0
1727289263281,224.82,100.0
1727289263281,224.83,25.0
1727289263282,224.82,3.0
1727289263582,224.83,20.0
1727289263732,224.82,84.0
1727289263742,224.82,100.0
1727289263742,224.82,35.0
1727289263742,224.82,4.0
1727289263746,224.81,21.0
1727289263746,224.81,56.0
1727289263759,224.8101,216.0
1727289263774,224.815,1.0
1727289263790,224.8212,1.0
1727289263852,224.8162,25.0
1727289264220,224.815,1.0
1727289264392,224.82,2.0
1727289264596,224.82,25.0
1727289264643,224.815,23.0
1727289264688,224.81,200.0
1727289264689,224.8269,1.0
1727289264845,224.82,1.0
1727289264963,224.8121,3.0
1727289265250,224.81,20.0
1727289265471,224.81,2.0
1727289265738,224.8115,1.0
1727289265899,224.815,1.0
1727289265973,224.82,100.0
1727289266268,224.82,225.0
1727289266407,224.82,1.0
1727289266415,224.81,100.0
1727289266816,224.818,100.0
1727289266852,224.8288,1.0
1727289266852,224.8112,1.0
1727289267057,224.83,9.0
1727289266908,224.81,50.0
1727289267362,224.8112,1.0
1727289267459,224.8192,25.0
1727289268210,224.81,65.0
1727289268210,224.81,35.0
1727289267564,224.8054,2.0
1727289267564,224.8054,2.0
1727289267629,224.8101,4.0
1727289268383,224.8112,1.0
1727289268410,224.82,5.0
1727289268419,224.82,3.0
1727289268419,224.8195,3.0
1727289268424,224.82,38.0
1727289268424,224.82,10.0
1727289268706,224.825,10.0
1727289268724,224.825,100.0
1727289268724,224.8298,400.0
1727289268727,224.8201,1500.0
1727289268804,224.829,5.0
1727289268894,224.8212,1.0
1727289269001,224.82,2.0
1727289269001,224.82,100.0
1727289269001,224.82,12.0
1727289269001,224.82,2.0
1727289269001,224.82,11.0
1727289269002,224.82,20.0
1727289269002,224.82,5.0
1727289269002,224.82,84.0
1727289269532,224.8375,100.0
1727289269673,224.815,45.0
1727289269673,224.815,55.0
1727289269674,224.815,11.0
1727289269767,224.815,1.0
1727289269769,224.817,5.0
1727289270125,224.82,100.0
1727289270127,224.825,66.0
1727289270414,224.825,29.0
1727289270426,224.8188,1.0
1727289270568,224.82,65.0
1727289270568,224.82,35.0
1727289271370,224.8199,1.0
1727289271345,224.812,1.0
1727289271014,224.82,3.0
1727289271014,224.82,3.0
1727289271069,224.81,8.0
1727289271080,224.8299,1.0
1727289271689,224.8199,10.0
1727289272404,224.82,2.0
1727289272433,224.815,87.0
1727289272467,224.8188,1.0
1727289272241,224.814,25.0
1727289272707,224.8111,10.0
1727289273025,224.81,65.0
1727289273025,224.81,35.0
1727289273025,224.81,28.0
1727289273062,224.815,1.0
1727289273348,224.8101,12.0
1727289273449,224.815,100.0
1727289273488,224.8112,1.0
1727289274240,224.82,1.0
1727289274495,224.8299,1.0
1727289274509,224.82,1.0
1727289274573,224.82,50.0
1727289274575,224.8242,50.0
1727289274575,224.8242,50.0
1727289274575,224.825,300.0
1727289274728,224.82,100.0
1727289274729,224.82,42.0
1727289274729,224.82,1.0
1727289274729,224.82,1.0
1727289274729,224.82,2.0
1727289274730,224.82,154.0
1727289274730,224.8202,100.0
1727289274731,224.8202,42.0
1727289274731,224.8202,1.0
1727289274731,224.8202,1.0
1727289274731,224.8202,2.0
1727289274732,224.8202,154.0
1727289274732,224.8247,100.0
1727289274846,224.825,23.0
1727289275149,224.8292,10.0
1727289275187,224.825,4.0
1727289275563,224.83,100.0
1727289275563,224.83,57.0
1727289275563,224.83,43.0
1727289275563,224.83,100.0
1727289275784,224.83,1.0
1727289275784,224.83,10.0
1727289275784,224.82,89.0
1727289275784,224.83,25.0
1727289275784,224.83,95.0
1727289275784,224.84,10.0
1727289275788,224.84,1218.0
1727289275788,224.8391,10.0
1727289276488,224.835,200.0
1727289277139,224.8399,25.0
1727289277285,224.883,200.0
1727289277671,224.8399,2.0
1727289277879,224.8377,200.0
1727289278155,224.835,10.0
1727289278226,224.835,13.0
1727289278259,224.835,100.0
1727289278339,224.835,8.0
1727289278793,224.83,100.0
1727289278795,224.835,3.0
1727289278798,224.83,100.0
1727289278798,224.83,100.0
1727289279106,224.84,1.0
1727289279305,224.835,1.0
1727289279547,224.83,100.0
1727289279547,224.83,100.0
1727289279547,224.83,100.0
1727289279548,224.83,100.0
1727289279793,224.83,2.0
1727289279793,224.83,3.0
1727289280639,224.8212,1.0
1727289280024,224.8391,1.0
1727289280106,224.83,40.0
1727289280106,224.83,60.0
1727289280106,224.83,40.0
1727289280698,224.832,40.0
1727289280702,224.8201,500.0
1727289280706,224.8258,50.0
1727289280467,224.8153,4.0
1727289280983,224.83,5.0
1727289281148,224.8212,1.0
1727289281351,224.83,54.0
1727289281752,224.83,5.0
1727289282785,224.839,2000.0
1727289282785,224.84,20.0
1727289282785,224.84,36.0
1727289282785,224.84,1.0
1727289282785,224.84,30.0
1727289282785,224.84,100.0
1727289282785,224.84,100.0
1727289282785,224.84,100.0
1727289282785,224.835,100.0
1727289282785,224.84,10.0
1727289282785,224.84,100.0
1727289282785,224.84,100.0
1727289282785,224.84,100.0
1727289282785,224.84,40.0
1727289282785,224.84,5.0
1727289282786,224.84,15.0
1727289282787,224.845,10.0
1727289282807,224.845,200.0
1727289283069,224.838,1.0
1727289283102,224.83,10.0
1727289283103,224.83,26.0
1727289283105,224.83,99.0
1727289283478,224.84,2.0
1727289283642,224.835,1.0
1727289284006,224.8157,4.0
1727289284522,224.84,9.0
1727289284534,224.84,150.0
1727289284629,224.84,25.0
1727289284629,224.84,22.0
1727289284642,224.8499,2.0
1727289284959,224.845,100.0
1727289284981,224.8479,200.0
1727289285002,224.845,1.0
1727289285288,224.85,8.0
1727289285288,224.85,2.0
1727289285293,224.8492,8.0
1727289285841,224.8376,90.0
1727289286101,224.845,1.0
1727289286251,224.8412,1.0
1727289286742,224.845,32.0
1727289286742,224.845,31.0
1727289286758,224.8409,30.0
1727289286874,224.8402,45.0
1727289287011,224.845,1.0
1727289290514,224.8392,1.0
1727289290710,224.835,1.0
1727289290847,224.8388,1.0
1727289290885,224.83,77.0
1727289290885,224.83,23.0
1727289349417,224.88,10.0
1727289349426,224.88,10.0
1727289350227,224.885,4.0
1727289350330,224.8701,5.0
1727289351752,224.89,1.0
1727289351752,224.89,1.0
1727289351752,224.885,100.0
1727289351752,224.89,50.0
1727289351752,224.89,50.0
1727289351752,224.89,66.0
1727289351752,224.89,1.0
1727289351752,224.89,3.0
1727289351752,224.89,100.0
1727289351752,224.89,4.0
1727289351752,224.89,46.0
1727289351752,224.89,54.0
1727289351754,224.89,7.0
1727289351992,224.89,30.0
1727289352403,224.895,1.0
1727289352423,224.89,1.0
1727289352425,224.89,1.0
1727289352527,224.891,60.0
1727289353331,224.895,9.0
1727289353455,224.8911,26.0
1727289353549,224.89,11.0
1727289353558,224.9,5.0
1727289353558,224.9,186.0
1727289353558,224.9,14.0
1727289353558,224.9,48.0
1727289353558,224.9,100.0
1727289353558,224.9,89.0
1727289353558,224.9,200.0
1727289353558,224.9,400.0
1727289353558,224.9,2250.0
1727289353558,224.895,91.0
1727289353558,224.9,100.0
1727289353558,224.9,2.0
1727289353559,224.9,2750.0
1727289353559,224.9,5.0
1727289353559,224.9,1.0
1727289353559,224.9,153.0
1727289353559,224.9,97.0
1727289353559,224.9,21.0
1727289353559,224.9,1.0
1727289353559,224.9,9.0
1727289353559,224.9,154.0
1727289353559,224.9,146.0
1727289353559,224.9,98.0
1727289353559,224.9,100.0
1727289353561,224.8905,89.0
1727289353570,224.9,5.0
1727289353902,224.9001,2.0
1727289354022,224.902,1.0
1727289354025,224.9001,30.0
1727289354171,224.9046,50.0
1727289354177,224.8408,7.0
1727289354352,224.9092,1.0
1727289354458,224.905,1.0
1727289354649,224.905,1.0
1727289354783,224.9099,500.0
1727289354784,224.91,10.0
1727289354786,224.905,144.0
1727289354932,224.91,5.0
1727289354999,224.8408,100.0
1727289355082,224.905,100.0
1727289355084,224.91,100.0
1727289355087,224.91,300.0
1727289355192,224.9091,3.0
1727289355225,224.9,91.0
1727289355225,224.9,25.0
1727289355225,224.9,175.0
1727289355225,224.9,100.0
1727289355225,224.9,35.0
1727289355225,224.9,200.0
1727289355225,224.9,100.0
1727289355225,224.9,10.0
1727289355225,224.9,90.0
1727289355225,224.9,100.0
1727289355225,224.9,120.0
1727289355226,224.9,75.0
1727289355226,224.9,5.0
1727289355226,224.9,100.0
1727289355226,224.9,50.0
1727289355666,224.89,1.0
1727289355252,224.8987,10.0
1727289355264,224.89,2.0
1727289355278,224.89,20.0
1727289355278,224.89,100.0
1727289355285,224.89,100.0
1727289355285,224.89,100.0
1727289355285,224.89,10.0
1727289355285,224.89,90.0
1727289355285,224.89,10.0
1727289355285,224.89,90.0
1727289355285,224.89,63.0
1727289355285,224.89,37.0
1727289355285,224.89,63.0
1727289355285,224.89,37.0
1727289355285,224.89,63.0
1727289355285,224.89,100.0
1727289355833,224.885,200.0
1727289355944,224.885,1.0
1727289355498,224.8801,175.0
1727289356202,224.885,1.0
1727289356277,224.885,50.0
1727289356440,224.885,10.0
1727289356440,224.8801,1.0
1727289356522,224.8897,300.0
1727289356626,224.88,100.0
1727289356626,224.88,10.0
1727289356626,224.88,1.0
1727289356626,224.88,1.0
1727289356626,224.88,38.0
1727289356652,224.8864,115.0
1727289356664,224.882,50.0
1727289356711,224.88,12.0
1727289356737,224.8701,233.0
1727289357481,224.8783,4.0
1727289357828,224.87,25.0
1727289357828,224.87,100.0
1727289357828,224.87,100.0
1727289357828,224.87,75.0
1727289357828,224.87,7.0
1727289357828,224.87,6.0
1727289357828,224.87,2.0
1727289357828,224.87,14.0
1727289357828,224.87,100.0
1727289357828,224.87,4.0
1727289357828,224.87,96.0
1727289357828,224.87,100.0
1727289357828,224.87,100.0
1727289357828,224.87,4.0
1727289357828,224.87,50.0
1727289357829,224.87,100.0
1727289357829,224.86,100.0
1727289357829,224.86,70.0
1727289357829,224.86,25.0
1727289357829,224.86,200.0
1727289357829,224.86,20.0
1727289357829,224.86,23.0
1727289357830,224.87,100.0
1727289357830,224.87,196.0
1727289357834,224.8771,1.0
1727289357907,224.8689,10.0
1727289358593,224.865,1.0
1727289358054,224.86,1.0
1727289358243,224.8602,9.0
1727289358264,224.8788,1.0
1727289358468,224.8601,4.0
1727289358624,224.86,6.0
1727289358826,224.868,100.0
1727289358826,224.869,100.0
1727289358826,224.868,200.0
1727289358826,224.865,100.0
1727289358890,224.865,23.0
1727289358890,224.865,1.0
1727289358985,224.87,215.0
1727289359482,224.87,281.0
1727289359482,224.87,19.0
1727289359482,224.87,50.0
1727289359482,224.87,100.0
1727289359493,224.88,200.0
1727289359493,224.88,100.0
1727289359895,224.865,1.0
1727289360360,224.8804,1.0
1727289360490,224.89,5.0
1727289360499,224.88,35.0
1727289360673,224.89,4.0
1727289360816,224.8812,1.0
1727289361268,224.88,25.0
1727289361268,224.88,9.0
1727289361268,224.88,86.0
1727289361268,224.88,14.0
1727289361268,224.88,1.0
1727289361269,224.88,50.0
1727289361269,224.88,100.0
1727289361269,224.88,25.0
1727289361271,224.87,18.0
1727289361326,224.8812,1.0
1727289361672,224.87,20.0
1727289361484,224.87,15.0
1727289361536,224.872,5.0
1727289361805,224.87,1.0
1727289362090,224.87,1.0
1727289362099,224.87,55.0
1727289362346,224.8788,1.0
1727289362533,224.8749,36.0
1727289362536,224.8783,4.0
1727289362932,224.8784,25.0
1727289363221,224.7645,100.0
1727289363223,224.7645,100.0
1727289363683,224.89,23.0
1727289364045,224.88,4.0
1727289365042,224.848,42.0
1727289365415,224.88,1.0
1727289365530,224.88,10.0
1727289365790,224.88,3.0
1727289365822,224.88,169.0
1727289365834,224.88,10.0
1727289365834,224.88,121.0
1727289365842,224.885,18.0
1727289365854,224.89,4.0
1727289366358,224.89,7.0
1727289366433,224.8888,1.0
1727289366725,224.8874,892.0
1727289367297,224.885,446.0
1727289367336,224.8897,276.0
1727289367336,224.885,24.0
1727289367794,224.8884,115.0
1727289368422,224.8499,4.0
1727289368788,224.8801,8.0
1727289369473,224.886,100.0
1727289369526,224.88,20.0
1727289369526,224.88,29.0
1727289369527,224.88,50.0
1727289369527,224.88,1.0
1727289369527,224.88,25.0
1727289369527,224.88,92.0
1727289369527,224.88,8.0
1727289369527,224.88,100.0
1727289369527,224.88,1.0
1727289369527,224.88,100.0
1727289369527,224.88,100.0
1727289369527,224.88,85.0
1727289369527,224.88,66.0
1727289369527,224.88,34.0
1727289369527,224.88,100.0
1727289369527,224.88,25.0
1727289369532,224.8799,300.0
1727289369104,224.8864,200.0
1727289369106,224.885,100.0
1727289369783,224.88,10.0
1727289369785,224.8879,1.0
1727289370226,224.88,17.0
1727289370322,224.88,20.0
1727289370322,224.88,10.0
1727289370140,224.88,11.0
1727289370469,224.8801,100.0
1727289370472,224.885,10.0
1727289370497,224.89,100.0
1727289370768,224.885,1.0
1727289370770,224.885,1.0
1727289370781,224.885,2.0
1727289370781,224.885,2.0
1727289370807,224.89,8.0
1727289371136,224.89,22.0
1727289371226,224.8843,3.0
1727289371571,224.8889,38.0
1727289372228,224.8891,8.0
1727289372231,224.89,1.0
1727289372462,224.885,12.0
1727289372600,224.885,48.0
1727289372652,224.89,70.0
1727289372652,224.89,30.0
1727289372652,224.89,100.0
1727289372652,224.89,100.0
1727289372652,224.89,29.0
1727289372652,224.89,71.0
1727289372652,224.89,3.0
1727289373441,224.89,92.0
1727289373441,224.89,10.0
1727289373441,224.89,10.0
1727289373441,224.89,8.0
1727289373441,224.89,66.0
1727289373441,224.89,100.0
1727289373442,224.89,34.0
1727289373442,224.89,100.0
1727289373442,224.89,10.0
1727289373446,224.8885,182.0
1727289372957,224.9,17.0
1727289372957,224.9,3.0
1727289373561,224.9,8.0
1727289373067,224.8988,1.0
1727289373572,224.9,1.0
1727289373579,224.8912,1.0
1727289373124,224.895,3.0
1727289373229,224.895,4.0
1727289374212,224.89,40.0
1727289374427,224.89,10.0
1727289374544,224.89,40.0
1727289374544,224.89,25.0
1727289374544,224.89,20.0
1727289374548,224.885,100.0
1727289374594,224.8899,350.0
1727289374998,224.89,16.0
1727289374998,224.89,100.0
1727289375005,224.895,100.0
1727289375018,224.895,96.0
1727289375202,224.9,2.0
1727289375327,224.89,100.0
1727289376102,224.91,5.0
1727289376102,224.91,4.0
1727289376102,224.91,25.0
1727289376103,224.91,200.0
1727289376103,224.91,1.0
1727289376103,224.91,200.0
1727289376103,224.91,1.0
1727289376103,224.91,20.0
1727289376103,224.91,25.0
1727289376103,224.91,600.0
1727289376133,224.9088,1.0
1727289376833,224.915,100.0
1727289376833,224.92,200.0
1727289376833,224.92,8.0
1727289376833,224.92,92.0
1727289376834,224.92,6.0
1727289376834,224.92,1.0
1727289376336,224.91,10.0
1727289376839,224.93,1.0
1727289376840,224.93,200.0
1727289376840,224.925,24.0
1727289376841,224.925,6.0
1727289376842,224.925,5.0
1727289377004,224.92,13.0
1727289376916,224.9286,200.0
1727289377103,224.93,20.0
1727289377119,224.93,90.0
1727289377294,224.8444,35.0
1727289377301,224.93,60.0
1727289377130,224.9297,90.0
1727289377692,224.93,2.0
1727289377162,224.925,100.0
1727289377162,224.93,100.0
1727289377162,224.93,100.0
1727289376615,224.915,11.0
1727289377917,224.92,25.0
1727289377917,224.92,99.0
1727289378199,224.93,73.0
1727289378206,224.93,40.0
1727289378209,224.93,135.0
1727289378212,224.94,27.0
1727289378879,224.92,200.0
1727289377991,224.928,200.0
1727289377175,224.93,100.0
1727289377175,224.93,4.0
1727289377175,224.93,25.0
1727289378916,224.93,100.0
1727289378916,224.93,100.0
1727289378917,224.93,300.0
1727289378919,224.93,200.0
1727289378922,224.93,100.0
1727289378927,224.93,200.0
1727289377177,224.93,11.0
1727289379196,224.9388,1.0
1727289379667,224.9299,50.0
1727289378964,224.93,55.0
1727289379707,224.9288,1.0
1727289379359,224.9291,12.0
1727289379373,224.925,1.0
1727289379411,224.925,200.0
1727289379418,224.9239,462.0
1727289379818,224.94,2000.0
1727289379818,224.9296,50.0
1727289379845,224.92,100.0
1727289379852,224.92,3.0
1727289379852,224.92,100.0
1727289379853,224.92,3.0
1727289379089,224.92,1.0
1727289379089,224.92,20.0
1727289379089,224.92,138.0
1727289379095,224.92,62.0
1727289379095,224.92,100.0
1727289379095,224.92,99.0
1727289379095,224.92,131.0
1727289379096,224.92,69.0
1727289379098,224.92,100.0
1727289379100,224.92,69.0
1727289379872,224.9241,100.0
1727289379934,224.925,15.0
1727289379880,224.9203,111.0
1727289379881,224.925,8.0
1727289379882,224.92,100.0
1727289377185,224.93,100.0
1727289377194,224.93,2.0
1727289379961,224.9203,1.0
1727289377200,224.94,100.0
1727289377200,224.94,39.0
1727289377200,224.94,240.0
1727289377200,224.94,20.0
1727289377200,224.94,50.0
1727289377205,224.9386,273.0
1727289377258,224.93,8.0
1727289377258,224.93,10.0
1727289377258,224.93,40.0
1727289380050,224.93,300.0
1727289380175,224.926,20.0
1727289380217,224.9288,1.0
1727289380944,224.93,100.0
1727289381006,224.926,100.0
1727289381050,224.92,6.0
1727289381051,224.92,1.0
1727289381052,224.925,5.0
1727289380466,224.93,100.0
1727289380818,224.9296,50.0
1727289381197,224.9201,150.0
1727289381437,224.9299,127.0
1727289381438,224.9299,240.0
1727289381453,224.92,11.0
1727289381454,224.92,5.0
1727289381454,224.92,15.0
1727289381473,224.925,2.0
1727289381474,224.925,2.0
1727289381477,224.93,7.0
1727289381667,224.925,1.0
1727289381748,224.92,74.0
1727289381748,224.92,100.0
1727289381748,224.92,100.0
1727289381748,224.92,100.0
1727289381748,224.92,100.0
1727289381748,224.92,23.0
1727289381750,224.91,15.0
1727289381750,224.91,100.0
1727289381750,224.91,13.0
1727289381769,224.91,100.0
1727289381769,224.91,20.0
1727289381769,224.91,30.0
1727289381769,224.91,70.0
1727289381769,224.91,100.0
1727289381769,224.91,25.0
1727289381769,224.91,25.0
1727289381772,224.91,1.0
1727289381772,224.91,49.0
1727289381772,224.91,25.0
1727289381773,224.91,51.0
1727289381777,224.91,24.0
1727289381777,224.91,76.0
1727289381777,224.91,1.0
1727289381819,224.9296,50.0
1727289382116,224.9074,1.0
1727289382309,224.92,100.0
1727289382590,224.905,64.0
1727289382769,224.8901,275.0
1727289382792,224.9084,1.0
1727289382892,224.9,50.0
1727289383209,224.91,179.0
1727289383275,224.905,1.0
1727289383281,224.8912,1.0
1727289383237,224.9,1.0
1727289383310,224.91,1.0
1727289383343,224.905,1.0
1727289383377,224.905,218.0
1727289383542,224.9,40.0
1727289383542,224.9,25.0
1727289384135,224.9,1.0
1727289384136,224.9098,14.0
1727289383749,224.9036,143.0
1727289383911,224.9017,1.0
1727289383972,224.91,4.0
1727289383990,224.9075,4.0
1727289384386,224.9075,25.0
1727289384598,224.9,5.0
1727289384731,224.9,46.0
1727289384977,224.906,1.0
1727289384994,224.89,2.0
1727289384994,224.89,100.0
1727289384994,224.89,47.0
1727289384994,224.89,10.0
1727289384994,224.89,25.0
1727289384994,224.89,75.0
1727289384994,224.89,10.0
1727289384994,224.89,1.0
1727289384994,224.89,100.0
1727289384994,224.89,25.0
1727289384994,224.89,10.0
1727289384995,224.89,65.0
1727289384995,224.89,75.0
1727289384995,224.89,25.0
1727289385039,224.89,40.0
1727289385232,224.89,400.0
1727289385322,224.8888,1.0
1727289385548,224.89,82.0
1727289385564,224.892,1000.0
