timestamp(ms since Epoch),last price,volume
1727288867333,162.31,20.0
1727288867333,162.31,25.0
1727288867334,162.31,100.0
1727288867334,162.31,100.0
1727288867334,162.31,45.0
1727288869030,162.34,4.0
1727288869147,162.34,100.0
1727288869149,162.35,6.0
1727288869368,162.342,100.0
1727288869369,162.34,100.0
1727288869835,162.34,50.0
1727288869835,162.35,25.0
1727288869835,162.35,49.0
1727288869845,162.3499,10.0
1727288869981,162.35,1.0
1727288870056,162.34,100.0
1727288870181,162.35,500.0
1727288870682,162.35,50.0
1727288870683,162.35,40.0
1727288870683,162.35,5.0
1727288870684,162.35,144.0
1727288870684,162.35,4.0
1727288870684,162.35,100.0
1727288870684,162.3452,144.0
1727288870684,162.3452,50.0
1727288870685,162.3452,40.0
1727288870700,162.36,50.0
1727288870700,162.36,100.0
1727288870714,162.37,100.0
1727288870716,162.36,100.0
1727288870725,162.37,1.0
1727288870733,162.38,1207.0
1727288870809,162.38,50.0
1727288870809,162.38,100.0
1727288871096,162.375,5.0
1727288871120,162.36,1.0
1727288871247,162.3612,1.0
1727288871420,162.375,56.0
1727288871424,162.375,200.0
1727288872119,162.3899,400.0
1727288872250,162.38,10.0
1727288872604,162.3891,14.0
1727288872709,162.385,5.0
1727288873291,162.3812,1.0
1727288873101,162.39,100.0
1727288873473,162.405,100.0
1727288873491,162.41,52.0
1727288874451,162.41,22.0
1727288874737,162.402,1.0
1727288874960,162.4,31.0
1727288875096,162.3632,3.0
1727288875186,162.4,1.0
1727288875186,162.4,28.0
1727288875236,162.3892,1.0
1727288875729,162.39,1.0
1727288875729,162.39,1.0
1727288875803,162.39,10.0
1727288875886,162.38,200.0
1727288876346,162.389,1.0
1727288877103,162.4128,20.0
1727288877180,162.3874,1.0
1727288877317,162.39,100.0
1727288877423,162.3704,25.0
1727288877624,162.3701,500.0
1727288877627,162.3791,450.0
1727288878165,162.39,52.0
1727288878166,162.4,200.0
1727288878171,162.4,28.0
1727288878171,162.4,13.0
1727288878182,162.41,100.0
1727288878561,162.4099,1.0
1727288878443,162.4,50.0
1727288878443,162.4,50.0
1727288878444,162.41,5.0
1727288878707,162.4,40.0
1727288879414,162.41,1.0
1727288879416,162.4,1.0
1727288879084,162.406,250.0
1727288879504,162.41,100.0
1727288879519,162.4,29.0
1727288879191,162.4455,1.0
1727288879194,162.4,100.0
1727288879704,162.401,160.0
1727288879673,162.41,90.0
1727288880049,162.4099,80.0
1727288880104,162.41,1.0
1727288880718,162.4,100.0
1727288880329,162.41,10.0
1727288880351,162.4029,200.0
1727288880952,162.384,1.0
1727288881031,162.41,1.0
1727288881037,162.41,99.0
1727288880416,162.41,1.0
1727288881051,162.4,50.0
1727288881051,162.4,50.0
1727288881052,162.4092,320.0
1727288880498,162.41,1500.0
1727288880500,162.41,32.0
1727288880509,162.42,10.0
1727288880509,162.42,168.0
1727288880570,162.4,100.0
1727288881637,162.385,2.0
1727288881708,162.3701,2.0
1727288882051,162.4461,1.0
1727288882078,162.39,10.0
1727288882124,162.3999,5.0
1727288882494,162.39,600.0
1727288882495,162.3901,600.0
1727288882729,162.399,65.0
1727288882763,162.3906,50.0
1727288883466,162.4,20.0
1727288883466,162.4,50.0
1727288883466,162.4,3.0
1727288883562,162.4,25.0
1727288883593,162.4,3.0
1727288883594,162.4,7.0
1727288883918,162.4,31.0
1727288884251,162.3958,3.0
1727288884547,162.4,1.0
1727288884875,162.398,100.0
1727288885010,162.395,5.0
1727288885076,162.39,94.0
1727288885076,162.39,3.0
1727288885076,162.39,6.0
1727288885076,162.39,1.0
1727288885076,162.39,1.0
1727288885078,162.38,66.0
1727288885079,162.38,34.0
1727288885079,162.38,2.0
1727288885081,162.36,10.0
1727288885131,162.37,100.0
1727288885168,162.3601,1.0
1727288885592,162.38,96.0
1727288885608,162.38,4.0
1727288885766,162.375,1.0
1727288886088,162.37,25.0
1727288886088,162.36,25.0
1727288885965,162.38,46.0
1727288885981,162.38,4.0
1727288885998,162.38,50.0
1727288886157,162.36,300.0
1727288886213,162.378,100.0
1727288886413,162.365,30.0
1727288886649,162.37,22.0
1727288887129,162.38,100.0
1727288887129,162.38,20.0
1727288886912,162.38,87.0
1727288887165,162.4,7.0
1727288887181,162.4,93.0
1727288887182,162.3978,100.0
1727288887302,162.39,100.0
1727288887364,162.4,20.0
1727288887365,162.4,100.0
1727288887365,162.4,10.0
1727288887365,162.4,100.0
1727288887402,162.41,39.0
1727288887418,162.41,61.0
1727288888168,162.41,26.0
1727288888234,162.4199,1.0
1727288888092,162.4001,1.0
1727288888325,162.4,19.0
1727288888325,162.4,1.0
1727288888546,162.398,9.0
1727288888549,162.4,1.0
1727288888659,162.3801,200.0
1727288889093,162.3767,25.0
1727288889811,162.4199,1.0
1727288890170,162.4,25.0
1727288890170,162.39,1.0
1727288890170,162.39,4.0
1727288890170,162.39,25.0
1727288890170,162.39,11.0
1727288890171,162.39,64.0
1727288890171,162.4,5.0
1727288890171,162.4,50.0
1727288890172,162.4,100.0
1727288890173,162.4,1.0
1727288890260,162.405,30.0
1727288890260,162.41,100.0
1727288890996,162.41,20.0
1727288890997,162.41,5.0
1727288890997,162.41,10.0
1727288890997,162.415,2.0
1727288891667,162.4107,3.0
1727288891567,162.4108,20.0
1727288891774,162.41,20.0
1727288891311,162.415,5.0
1727288891944,162.41,6.0
1727288892139,162.4,500.0
1727288892313,162.41,33.0
1727288892594,162.41,42.0
1727288892594,162.4,4.0
1727288892606,162.395,200.0
1727288893634,162.39,5.0
1727288893641,162.4034,100.0
1727288893853,162.395,2.0
1727288893854,162.395,3.0
1727288893959,162.4,100.0
1727288893959,162.4,46.0
1727288893959,162.4,201.0
1727288893977,162.4014,10.0
1727288894313,162.4015,20.0
1727288894331,162.41,10.0
1727288894503,162.41,5.0
1727288894806,162.42,1.0
1727288894806,162.43,100.0
1727288894806,162.42,46.0
1727288894696,162.42,10.0
1727288894710,162.4191,5.0
1727288894805,162.42,200.0
1727288894805,162.42,10.0
1727288894806,162.43,25.0
1727288894807,162.43,100.0
1727288894807,162.43,5.0
1727288894807,162.43,400.0
1727288894807,162.43,49.0
1727288894807,162.43,40.0
1727288894807,162.43,495.0
1727288894807,162.43,5.0
1727288894807,162.43,100.0
1727288894808,162.42,40.0
1727288894810,162.42,500.0
1727288894818,162.42,1.0
1727288894860,162.365,5.0
1727288895374,162.44,100.0
1727288895376,162.44,124.0
1727288895376,162.439,26.0
1727288895382,162.44,250.0
1727288896238,162.4393,40.0
1727288896242,162.4391,250.0
1727288896246,162.4393,7.0
1727288896502,162.435,1.0
1727288896658,162.43,1.0
1727288896761,162.435,7.0
1727288897060,162.438,100.0
1727288896873,162.431,3.0
1727288897068,162.4374,100.0
1727288897101,162.43,100.0
1727288897105,162.42,10.0
1727288897105,162.41,52.0
1727288897105,162.41,6.0
1727288897175,162.42,25.0
1727288897261,162.3672,2.0
1727288897378,162.42,100.0
1727288897607,162.43,18.0
1727288897704,162.42,1.0
1727288898075,162.42,10.0
1727288898075,162.42,20.0
1727288897808,162.421,20.0
1727288898110,162.44,25.0
1727288898206,162.44,25.0
1727288898574,162.435,22.0
1727288898972,162.438,100.0
1727288898986,162.4345,10.0
1727288899133,162.425,1000.0
1727288899401,162.425,400.0
1727288899692,162.424,1.0
1727288899785,162.4201,4.0
1727288900290,162.425,11.0
1727288900389,162.4201,1.0
1727288901169,162.42,1.0
1727288901304,162.4,50.0
1727288901304,162.4,64.0
1727288901304,162.4,50.0
1727288901698,162.4,1.0
1727288901800,162.39,2.0
1727288901800,162.39,33.0
1727288902430,162.38,7.0
1727288902430,162.38,700.0
1727288902255,162.38,3.0
1727288902255,162.39,1000.0
1727288902256,162.38,200.0
1727288902256,162.38,1800.0
1727288902256,162.4,17.0
1727288902256,162.39,1.0
1727288902256,162.39,14.0
1727288902683,162.3775,8.0
1727288902887,162.38,1.0
1727288902983,162.39,1000.0
1727288903455,162.3712,1.0
1727288903480,162.394,200.0
1727288903484,162.398,93.0
1727288903994,162.4,6.0
1727288903994,162.3999,6.0
1727288903995,162.4,86.0
1727288904035,162.4,100.0
1727288904108,162.42,50.0
1727288904343,162.4099,1.0
1727288904691,162.395,9.0
1727288904880,162.395,13.0
1727288905322,162.404,50.0
1727288905735,162.41,1.0
1727288905738,162.39,1.0
1727288905743,162.41,1.0
1727288906173,162.38,50.0
1727288906174,162.38,100.0
1727288906174,162.37,30.0
1727288906174,162.38,100.0
1727288906174,162.38,100.0
1727288906174,162.37,30.0
1727288906175,162.39,40.0
1727288906415,162.3801,100.0
1727288906416,162.39,10.0
1727288906430,162.4034,1.0
1727288906895,162.4,100.0
1727288906922,162.3901,15.0
1727288907617,162.4009,16.0
1727288907336,162.4,68.0
1727288907968,162.4,1.0
1727288907968,162.4,50.0
1727288907968,162.4,49.0
1727288908609,162.4097,10.0
1727288908109,162.402,1.0
1727288908657,162.41,10.0
1727288908658,162.41,3.0
1727288908799,162.41,50.0
1727288908799,162.41,50.0
1727288908829,162.4111,100.0
1727288908844,162.405,1.0
1727288908889,162.41,10.0
1727288909074,162.41,100.0
1727288909894,162.41,6.0
1727288909895,162.42,10.0
1727288910032,162.41,100.0
1727288910055,162.41,100.0
1727288910056,162.41,10.0
1727288910197,162.42,4.0
1727288910569,162.4156,250.0
1727288910637,162.42,100.0
1727288910971,162.42,3.0
1727288911149,162.4217,1.0
1727288911159,162.41,190.0
1727288911159,162.41,19.0
1727288911295,162.42,1.0
1727288911491,162.41,20.0
1727288911491,162.41,25.0
1727288911491,162.41,10.0
1727288911631,162.4,105.0
1727288911631,162.4,100.0
1727288911696,162.41,9.0
1727288911780,162.4005,50.0
1727288912063,162.42,100.0
1727288912741,162.4199,1000.0
1727288912818,162.4,13.0
1727288913052,162.41,20.0
1727288913054,162.42,30.0
1727288913067,162.42,1.0
1727288913868,162.41,10.0
1727288913351,162.4177,2.0
1727288913640,162.4191,723.0
1727288913827,162.41,10.0
1727288914167,162.41,20.0
1727288914451,162.4,100.0
1727288915232,162.4177,100.0
1727288915898,162.43,49.0
1727288915901,162.4,1.0
1727288915358,162.41,50.0
1727288916222,162.4288,1.0
1727288916247,162.4109,10.0
1727288916263,162.4046,200.0
1727288916284,162.42,110.0
1727288917052,162.3262,2.0
1727288917183,162.4,100.0
1727288918323,162.4101,4.0
1727288918433,162.4242,241.0
1727288918769,162.415,7.0
1727288918795,162.42,7.0
1727288918842,162.4,1.0
1727288919200,162.41,2.0
1727288919277,162.42,10.0
1727288919318,162.4199,21.0
1727288919661,162.41,100.0
1727288919662,162.41,1.0
1727288920045,162.41,50.0
1727288920045,162.41,50.0
1727288920172,162.4008,1.0
1727288921098,162.4,95.0
1727288921098,162.4,120.0
1727288921098,162.4,5.0
1727288921098,162.4,5.0
1727288921099,162.4,90.0
1727288921109,162.4,10.0
1727288921109,162.4,11.0
1727288921109,162.4,5.0
1727288921109,162.4,4.0
1727288921110,162.37,5.0
1727288921114,162.39,10.0
1727288921114,162.39,50.0
1727288921114,162.39,25.0
1727288921114,162.39,11.0
1727288921136,162.39,50.0
1727288921136,162.39,10.0
1727288920614,162.405,10.0
1727288920656,162.41,21.0
1727288920944,162.4009,250.0
1727288921329,162.3999,100.0
1727288921589,162.39,14.0
1727288921695,162.385,1.0
1727288922179,162.4,1.0
1727288922182,162.3973,29.0
1727288922192,162.4,1.0
1727288922294,162.39,1.0
1727288923011,162.39,10.0
1727288923360,162.375,25.0
1727288923467,162.37,100.0
1727288923512,162.38,2.0
1727288923514,162.37,10.0
1727288923516,162.36,2.0
1727288923517,162.35,10.0
1727288923526,162.35,20.0
1727288923757,162.36,1.0
1727288924078,162.355,300.0
1727288924078,162.355,200.0
1727288924190,162.355,620.0
1727288924262,162.36,1.0
1727288926327,162.36,250.0
1727288926345,162.37,1.0
1727288926396,162.36,26.0
1727288926396,162.36,1.0
1727288926399,162.36,73.0
1727288985973,162.364,241.0
1727288986096,162.36,25.0
1727288986096,162.36,50.0
1727288987302,162.365,1.0
1727288987565,162.3667,6.0
1727288988148,162.366,5.0
1727288988207,162.37,25.0
1727288988207,162.37,5.0
1727288988207,162.37,185.0
1727288988208,162.37,415.0
1727288988208,162.37,2.0
1727288988208,162.37,556.0
1727288988208,162.37,100.0
1727288988208,162.37,44.0
1727288988208,162.37,13.0
1727288988208,162.37,39.0
1727288988208,162.37,5.0
1727288988208,162.37,19.0
1727288988208,162.38,6.0
1727288988209,162.38,5.0
1727288988209,162.38,50.0
1727288988209,162.38,5.0
1727288988211,162.39,1.0
1727288988211,162.39,18.0
1727288988211,162.39,82.0
1727288988211,162.39,21.0
1727288988212,162.4,50.0
1727288989966,162.39,12.0
1727288990452,162.4,6.0
1727288990461,162.392,600.0
1727288990624,162.3989,183.0
1727288990674,162.397,6.0
1727288991134,162.39,4.0
1727288991178,162.399,10.0
1727288991180,162.395,10.0
1727288991181,162.4,190.0
1727288991181,162.395,190.0
1727288991203,162.39,150.0
1727288991415,162.3858,1800.0
1727288991507,162.39,100.0
1727288992650,162.39,2.0
1727288992650,162.39,1.0
1727288992650,162.38,1.0
1727288992650,162.38,25.0
1727288992650,162.38,50.0
1727288992650,162.38,21.0
1727288992654,162.39,43.0
1727288992761,162.4,100.0
1727288992761,162.4,46.0
1727288992761,162.4,19.0
1727288992761,162.4,41.0
1727288992761,162.4,100.0
1727288992761,162.4,81.0
1727288992762,162.4,810.0
1727288992777,162.4,100.0
1727288992782,162.408,400.0
1727288992789,162.4078,82.0
1727288992790,162.4,50.0
1727288992806,162.4078,118.0
1727288992934,162.4,25.0
1727288992936,162.4,100.0
1727288993066,162.41,300.0
1727288993097,162.4076,100.0
1727288993496,162.41,18.0
1727288993632,162.405,20.0
1727288994291,162.435,1.0
1727288993849,162.41,100.0
1727288993849,162.41,100.0
1727288993849,162.41,100.0
1727288993850,162.41,3.0
1727288993850,162.41,52.0
1727288993850,162.41,100.0
1727288993850,162.42,57.0
1727288993865,162.43,100.0
1727288993927,162.43,2.0
1727288994043,162.43,5.0
1727288994060,162.44,3.0
1727288994060,162.4399,3.0
1727288994088,162.44,100.0
1727288994089,162.4399,100.0
1727288994089,162.44,100.0
1727288994089,162.4399,100.0
1727288994091,162.4357,100.0
1727288994150,162.44,5.0
1727288994151,162.4385,5.0
1727288994152,162.44,4.0
1727288994155,162.44,1.0
1727288995195,162.44,24.0
1727288995195,162.44,68.0
1727288995464,162.44,1.0
1727288995465,162.44,100.0
1727288995465,162.44,4.0
1727288995465,162.44,73.0
1727288995465,162.44,5.0
1727288995465,162.45,100.0
1727288995465,162.45,10.0
1727288995465,162.45,18.0
1727288995466,162.45,100.0
1727288995466,162.45,50.0
1727288995466,162.45,100.0
1727288995466,162.45,20.0
1727288995466,162.45,100.0
1727288995468,162.44,2.0
1727288995470,162.46,500.0
1727288996314,162.445,5.0
1727288996467,162.445,300.0
1727288996977,162.444,125.0
1727288997195,162.448,110.0
1727288997666,162.45,150.0
1727288997428,162.446,1.0
1727288997469,162.446,50.0
1727288997526,162.4499,4.0
1727288997540,162.45,6.0
1727288997540,162.45,4.0
1727288997540,162.45,1.0
1727288997726,162.4441,3.0
1727288997870,162.45,40.0
1727288997873,162.45,55.0
1727288997874,162.4499,5.0
1727288998307,162.45,200.0
1727288998347,162.44,8.0
1727288998347,162.44,25.0
1727288998347,162.44,67.0
1727288998533,162.448,21.0
1727288999933,162.45,9.0
1727288999384,162.45,300.0
1727288999956,162.45,11.0
1727288999610,162.4599,1000.0
1727288999803,162.45,50.0
1727289000294,162.448,100.0
1727289000430,162.45,13.0
1727289000431,162.45,37.0
1727289000510,162.44,23.0
1727289000510,162.44,11.0
1727289000548,162.4334,100.0
1727289000713,162.4399,1.0
1727289001534,162.44,63.0
1727289001537,162.43,1.0
1727289001540,162.44,1.0
1727289001635,162.4305,111.0
1727289001679,162.4365,1500.0
1727289001993,162.435,3.0
1727289002000,162.43,34.0
1727289002000,162.43,120.0
1727289002001,162.43,100.0
1727289002001,162.43,100.0
1727289002008,162.435,100.0
1727289002190,162.425,1.0
1727289002217,162.42,10.0
1727289002217,162.42,41.0
1727289002217,162.42,49.0
1727289002219,162.4,31.0
1727289002220,162.4,982.0
1727289002220,162.4,18.0
1727289002373,162.3741,30.0
1727289002528,162.3892,17.0
1727289002958,162.39,2.0
1727289003006,162.38,5.0
1727289003008,162.39,100.0
1727289003067,162.385,150.0
1727289003328,162.39,450.0
1727289003337,162.38,1.0
1727289003595,162.3747,250.0
1727289004153,162.38,73.0
1727289004174,162.3801,1.0
1727289004243,162.3801,1.0
1727289004360,162.38,2.0
1727289004680,162.39,530.0
1727289004751,162.38,1.0
1727289004782,162.38,60.0
1727289004783,162.38,140.0
1727289004932,162.38,33.0
1727289004932,162.38,1.0
1727289004932,162.38,4.0
1727289004940,162.3799,1.0
1727289005287,162.38,100.0
1727289005287,162.38,10.0
1727289005287,162.38,21.0
1727289005287,162.38,16.0
1727289005287,162.38,10.0
1727289005288,162.38,40.0
1727289005346,162.37,2.0
1727289005346,162.37,2.0
1727289005346,162.37,16.0
1727289005644,162.37,1.0
1727289006023,162.373,61.0
1727289007094,162.35,5.0
1727289007094,162.35,1.0
1727289007098,162.34,1.0
1727289007176,162.3788,1.0
1727289007145,162.3811,24.0
1727289007293,162.35,25.0
1727289006868,162.3709,69.0
1727289006962,162.37,1.0
1727289006962,162.37,45.0
1727289006962,162.37,34.0
1727289006962,162.37,100.0
1727289006963,162.37,31.0
1727289006965,162.35,1.0
1727289006992,162.3576,2.0
1727289008001,162.35,100.0
1727289008005,162.3592,6.0
1727289008055,162.35,46.0
1727289007508,162.35,9.0
1727289007508,162.35,50.0
1727289008325,162.34,8.0
1727289008408,162.3432,100.0
1727289007586,162.35,1.0
1727289007701,162.35,1.0
1727289008637,162.35,200.0
1727289007792,162.36,100.0
1727289007793,162.35,25.0
1727289009427,162.35,25.0
1727289009430,162.355,100.0
1727289009432,162.35,50.0
1727289009076,162.3599,200.0
1727289010168,162.3569,10.0
1727289010240,162.3412,1.0
1727289010375,162.34,67.0
1727289010628,162.35,25.0
1727289010920,162.35,11.0
1727289010941,162.35,100.0
1727289011023,162.35,8.0
1727289011039,162.36,1.0
1727289011559,162.35,33.0
1727289011559,162.35,50.0
1727289011559,162.35,25.0
1727289011560,162.35,100.0
1727289011560,162.35,100.0
1727289011809,162.35,7.0
1727289011920,162.35,100.0
1727289012537,162.34,9.0
1727289012538,162.34,100.0
1727289012538,162.34,34.0
1727289012538,162.34,40.0
1727289012538,162.34,5.0
1727289012538,162.34,22.0
1727289012538,162.34,97.0
1727289012538,162.34,103.0
1727289012538,162.33,10.0
1727289012538,162.33,2.0
1727289012539,162.33,30.0
1727289012543,162.35,164.0
1727289012688,162.34,5.0
1727289013218,162.34,25.0
1727289013219,162.34,34.0
1727289012812,162.34,12.0
1727289013406,162.34,1.0
1727289013738,162.345,41.0
1727289013831,162.34,79.0
1727289013894,162.34,100.0
1727289013895,162.34,100.0
1727289013895,162.34,100.0
1727289013895,162.34,100.0
1727289013896,162.34,100.0
1727289013936,162.3405,47.0
1727289014467,162.33,3.0
1727289014485,162.34,20.0
1727289014485,162.34,25.0
1727289015518,162.32,1.0
1727289015518,162.32,2.0
1727289015597,162.3109,1000.0
1727289015679,162.3285,20.0
1727289015720,162.32,100.0
1727289015721,162.3299,5.0
1727289016038,162.329,1.0
1727289017303,162.32,1.0
1727289017366,162.32,20.0
1727289017563,162.33,25.0
1727289017587,162.3275,2.0
1727289018142,162.32,1.0
1727289018142,162.311,10.0
1727289018142,162.311,100.0
1727289018143,162.31,242.0
1727289018144,162.3101,1292.0
1727289018144,162.3101,308.0
1727289018283,162.3849,30.0
1727289018514,162.3869,100.0
1727289018812,162.3116,35.0
1727289019506,162.319,181.0
1727289019506,162.3193,15.0
1727289019214,162.3101,1000.0
1727289019492,162.32,31.0
1727289019879,162.31,1.0
1727289019879,162.31,1.0
1727289019879,162.31,1.0
1727289019881,162.3,3.0
1727289019881,162.3,497.0
1727289019881,162.3,1.0
1727289019881,162.3,4.0
1727289019881,162.3,5.0
1727289019925,162.29,20.0
1727289019925,162.29,1.0
1727289019925,162.29,92.0
1727289019925,162.29,8.0
1727289019925,162.29,3.0
1727289019927,162.29,7.0
1727289019935,162.29,212.0
1727289019935,162.29,100.0
1727289019936,162.29,50.0
1727289020044,162.29,6.0
1727289020181,162.29,11.0
1727289020181,162.29,89.0
1727289020181,162.29,11.0
1727289020188,162.28,104.0
1727289020188,162.28,96.0
1727289020192,162.27,47.0
1727289020201,162.27,100.0
1727289020203,162.26,5.0
1727289020204,162.26,448.0
1727289020326,162.2792,254.0
1727289020356,162.28,31.0
1727289020356,162.28,25.0
1727289020356,162.28,75.0
1727289020356,162.28,100.0
1727289020356,162.28,25.0
1727289020357,162.28,52.0
1727289020657,162.29,500.0
1727289020831,162.29,7.0
1727289021244,162.288,30.0
1727289021295,162.2701,30.0
1727289021967,162.29,20.0
1727289021967,162.29,10.0
1727289021967,162.3,25.0
1727289021967,162.3,100.0
1727289021967,162.3,10.0
1727289021967,162.3,50.0
1727289021967,162.3,57.0
1727289021967,162.3,50.0
1727289021967,162.3,200.0
1727289021967,162.3,10.0
1727289021967,162.3,10.0
1727289021967,162.3,50.0
1727289021967,162.29,10.0
1727289021967,162.29,100.0
1727289021967,162.3,1.0
1727289021967,162.3,37.0
1727289021967,162.3,100.0
1727289021967,162.3,10.0
1727289021967,162.31,45.0
1727289021967,162.31,300.0
1727289021967,162.3,1.0
1727289021968,162.31,100.0
1727289021968,162.31,100.0
1727289021968,162.31,100.0
1727289021968,162.32,58.0
1727289021968,162.33,25.0
1727289021968,162.33,15.0
1727289021969,162.33,50.0
1727289021969,162.33,50.0
1727289021969,162.33,100.0
1727289021969,162.33,100.0
1727289021969,162.33,100.0
1727289021969,162.33,20.0
1727289021969,162.33,50.0
1727289021969,162.33,100.0
1727289021969,162.33,100.0
1727289021969,162.33,100.0
1727289021969,162.33,200.0
1727289021969,162.33,50.0
1727289021969,162.33,99.0
1727289021969,162.33,100.0
1727289021969,162.33,100.0
1727289021969,162.32,5.0
1727289021969,162.32,1.0
1727289021969,162.32,31.0
1727289021970,162.33,15.0
1727289021970,162.34,50.0
1727289021970,162.34,25.0
1727289021970,162.34,50.0
1727289021970,162.34,100.0
1727289021970,162.34,100.0
1727289021970,162.34,50.0
1727289021970,162.34,100.0
1727289021970,162.34,100.0
1727289021970,162.34,100.0
1727289021970,162.33,100.0
1727289021970,162.33,50.0
1727289021970,162.34,100.0
1727289021970,162.34,100.0
1727289021970,162.34,100.0
1727289021970,162.34,100.0
1727289021970,162.34,100.0
1727289021970,162.34,100.0
1727289021971,162.35,50.0
1727289021971,162.35,50.0
1727289021971,162.35,31.0
1727289021971,162.35,100.0
1727289021971,162.35,100.0
1727289021971,162.35,100.0
1727289021971,162.35,31.0
1727289021971,162.35,50.0
1727289021973,162.35,25.0
1727289021980,162.35,100.0
1727289021980,162.35,100.0
1727289021980,162.35,100.0
1727289021980,162.35,100.0
1727289021980,162.35,20.0
1727289021980,162.35,80.0
1727289021980,162.35,32.0
1727289021980,162.35,100.0
1727289021980,162.35,100.0
1727289021980,162.35,35.0
1727289021980,162.35,1.0
1727289021980,162.35,100.0
1727289021980,162.35,100.0
1727289021980,162.35,68.0
1727289021980,162.35,66.0
1727289021980,162.35,50.0
1727289021981,162.35,50.0
1727289021981,162.35,2.0
1727289021982,162.35,100.0
1727289021982,162.35,100.0
1727289022000,162.35,3.0
1727289022088,162.35,33.0
1727289022115,162.35,34.0
1727289022158,162.35,80.0
1727289022158,162.35,20.0
1727289022158,162.35,100.0
1727289022158,162.35,1.0
1727289022158,162.35,100.0
1727289022158,162.35,100.0
1727289022158,162.35,100.0
1727289022158,162.35,64.0
1727289022203,162.35,33.0
1727289022228,162.35,34.0
1727289022312,162.35,33.0
1727289022339,162.355,34.0
1727289022344,162.355,800.0
1727289022345,162.355,100.0
1727289022350,162.357,100.0
1727289022424,162.35,34.0
1727289022849,162.36,58.0
1727289022909,162.358,2.0
1727289023065,162.3599,1.0
1727289023341,162.35,100.0
1727289023341,162.35,100.0
1727289023341,162.35,1.0
1727289023341,162.35,100.0
1727289023341,162.35,100.0
1727289023341,162.35,100.0
1727289023341,162.35,100.0
1727289023341,162.35,80.0
1727289023341,162.35,100.0
1727289023341,162.35,100.0
1727289023341,162.35,100.0
1727289023341,162.35,100.0
1727289023344,162.35,100.0
1727289023346,162.35,61.0
1727289023350,162.35,100.0
1727289024157,162.38,40.0
1727289023750,162.355,18.0
1727289024032,162.3599,14.0
1727289024044,162.36,21.0
1727289024044,162.36,53.0
1727289024044,162.36,50.0
1727289024044,162.36,100.0
1727289024044,162.36,20.0
1727289024044,162.36,100.0
1727289024044,162.36,117.0
1727289024044,162.36,1.0
1727289024044,162.36,90.0
1727289024044,162.37,100.0
1727289024044,162.37,53.0
1727289024044,162.37,51.0
1727289024044,162.37,28.0
1727289024044,162.36,42.0
1727289024044,162.37,50.0
1727289024044,162.37,78.0
1727289024044,162.37,22.0
1727289024044,162.37,20.0
1727289024045,162.37,56.0
1727289024050,162.38,400.0
1727289024289,162.36,1.0
1727289024290,162.38,6.0
1727289024290,162.38,5.0
1727289024290,162.38,5.0
1727289024449,162.3701,2.0
1727289024477,162.355,149.0
1727289024478,162.37,25.0
1727289024478,162.37,100.0
1727289024478,162.37,50.0
1727289024478,162.38,10.0
1727289024478,162.38,1.0
1727289024479,162.38,72.0
1727289024479,162.37,4.0
1727289024493,162.38,4.0
1727289024494,162.39,10.0
1727289024494,162.39,6.0
1727289024494,162.39,94.0
1727289024494,162.39,16.0
1727289024497,162.4,1.0
1727289024504,162.4,10.0
1727289024504,162.4,19.0
1727289024670,162.4001,300.0
1727289024948,162.4373,1.0
1727289025074,162.398,300.0
1727289025378,162.41,5.0
1727289025492,162.3857,100.0
1727289025641,162.41,1000.0
1727289026040,162.4091,12.0
1727289026828,162.41,10.0
1727289026828,162.41,14.0
1727289026828,162.41,2.0
1727289027067,162.42,11.0
1727289027067,162.42,3.0
1727289027795,162.42,5.0
1727289028136,162.4288,1.0
1727289028865,162.41,39.0
1727289028884,162.415,100.0
1727289029011,162.4354,300.0
1727289029039,162.4101,100.0
1727289029067,162.41,10.0
1727289029251,162.432,200.0
1727289029670,162.43,26.0
1727289030178,162.4388,1.0
1727289030200,162.3605,12.0
1727289030716,162.43,440.0
1727289030742,162.43,1.0
1727289030742,162.43,14.0
1727289030903,162.43,81.0
1727289030944,162.42,1.0
1727289031207,162.41,5.0
1727289031210,162.429,96.0
1727289031211,162.42,10.0
1727289031211,162.41,1.0
1727289031211,162.41,25.0
1727289031212,162.4,67.0
1727289031214,162.41,24.0
1727289031353,162.401,1.0
1727289031710,162.4188,1.0
1727289031920,162.4,50.0
1727289031920,162.4,83.0
1727289031921,162.39,50.0
1727289032242,162.4004,1.0
1727289032253,162.4004,1.0
1727289032810,162.399,2.0
1727289034014,162.38,1.0
1727289035022,162.3901,200.0
1727289034403,162.39,2.0
1727289034403,162.39,8.0
1727289034403,162.4,100.0
1727289035680,162.3901,1000.0
1727289034773,162.4,18.0
1727289036311,162.4,1.0
1727289036549,162.41,100.0
1727289036549,162.41,50.0
1727289037115,162.41,50.0
1727289037981,162.43,3.0
1727289039009,162.426,50.0
1727289038674,162.4295,2000.0
1727289039598,162.425,1.0
1727289040301,162.4292,3.0
1727289041026,162.425,21.0
1727289041146,162.4225,100.0
1727289041309,162.425,12.0
1727289041507,162.426,19.0
1727289042039,162.425,29.0
1727289041905,162.425,1.0
1727289042943,162.4201,50.0
1727289042963,162.4288,1.0
1727289043312,162.4299,3.0
1727289043415,162.3498,1.0
1727289044190,162.43,10.0
1727289043742,162.4201,1.0
1727289043936,162.43,2.0
1727289043937,162.43,15.0
1727289043937,162.43,1.0
1727289043937,162.43,3.0
1727289043939,162.43,1.0
1727289043937,162.43,4.0
1727289043940,162.43,97.0
1727289043940,162.43,36.0
1727289043940,162.43,11.0
1727289043940,162.43,17.0
1727289043940,162.43,150.0
1727289043945,162.43,49.0
1727289043946,162.44,2.0
1727289043950,162.44,10.0
1727289043950,162.44,50.0
1727289043951,162.44,32.0
1727289043951,162.44,50.0
1727289043951,162.44,1.0
1727289043951,162.44,5.0
1727289045330,162.4492,4.0
1727289044544,162.44,4.0
1727289106304,162.4188,1.0
1727289106160,162.39,1.0
1727289106379,162.41,26.0
1727289107419,162.3801,2.0
1727289107688,162.3993,1000.0
1727289108170,162.39,10.0
1727289108170,162.39,26.0
1727289108176,162.38,50.0
1727289108693,162.38,30.0
1727289110494,162.39,5.0
1727289110550,162.39,28.0
1727289110625,162.395,2.0
1727289110838,162.39,10.0
1727289111133,162.39,10.0
1727289111133,162.39,50.0
1727289111133,162.39,40.0
1727289111171,162.39,54.0
1727289111203,162.4,3.0
1727289111210,162.3988,100.0
1727289111436,162.3999,50.0
1727289111551,162.399,1313.0
1727289112182,162.38,25.0
1727289112182,162.38,25.0
1727289112546,162.39,27.0
1727289113465,162.39,5.0
1727289113293,162.38,1.0
1727289113293,162.38,50.0
1727289114294,162.38,2.0
1727289114295,162.38,4.0
1727289114870,162.382,10.0
1727289115791,162.37,13.0
1727289115404,162.3899,600.0
1727289115673,162.37,2.0
1727289115767,162.37,2.0
1727289116057,162.37,1.0
1727289116271,162.38,100.0
1727289116656,162.4237,100.0
1727289116724,162.394,2.0
1727289117254,162.365,100.0
1727289117535,162.36,5.0
1727289117536,162.36,1.0
1727289118145,162.36,15.0
1727289118239,162.3687,100.0
1727289118709,162.368,100.0
1727289120170,162.38,50.0
1727289120170,162.38,100.0
1727289120172,162.3706,10.0
1727289119497,162.3501,4.0
1727289119654,162.3501,500.0
1727289119747,162.35,50.0
1727289119759,162.35,9.0
1727289119861,162.345,5.0
1727289120111,162.35,100.0
1727289120111,162.36,10.0
1727289120111,162.36,38.0
1727289120111,162.36,75.0
1727289120111,162.37,11.0
1727289120111,162.36,100.0
1727289120131,162.38,5.0
1727289120131,162.38,25.0
1727289120131,162.38,1.0
1727289120725,162.3785,13.0
1727289122186,162.375,100.0
1727289121628,162.37,1.0
1727289121809,162.37,300.0
1727289121854,162.3683,7.0
1727289122267,162.4057,2.0
1727289122412,162.3859,300.0
1727289123394,162.3901,1.0
1727289123786,162.375,150.0
1727289124881,162.3877,21.0
1727289125052,162.38,1.0
1727289125285,162.3724,100.0
1727289125297,162.3966,24.0
1727289126843,162.3724,1.0
1727289127122,162.38,1.0
1727289127122,162.39,12.0
1727289127122,162.39,88.0
1727289127122,162.39,2.0
1727289127122,162.39,16.0
1727289127122,162.38,9.0
1727289127122,162.38,1.0
1727289127122,162.39,1.0
1727289127122,162.39,15.0
1727289127123,162.4,1.0
1727289127123,162.4,100.0
1727289127123,162.4,12.0
1727289127123,162.4,19.0
1727289127123,162.4,388.0
1727289127123,162.39,9.0
1727289127123,162.39,115.0
1727289127123,162.39,100.0
1727289127123,162.4,1.0
1727289127123,162.4,80.0
1727289127125,162.38,9.0
1727289126508,162.39,27.0
1727289127717,162.4123,13.0
1727289127828,162.42,25.0
1727289128208,162.41,5.0
1727289128217,162.4,70.0
1727289128217,162.41,100.0
1727289128217,162.4,10.0
1727289128217,162.4,2.0
1727289128217,162.4,20.0
1727289128217,162.4,72.0
1727289128219,162.395,85.0
1727289128219,162.4,15.0
1727289128222,162.41,400.0
1727289128540,162.394,43.0
1727289128543,162.385,42.0
1727289128823,162.39,150.0
1727289128898,162.4151,27.0
1727289129160,162.39,1.0
1727289129291,162.389,2.0
1727289130376,162.34,1.0
1727289130379,162.32,20.0
1727289130379,162.32,17.0
1727289130377,162.34,10.0
1727289130377,162.34,190.0
1727289130380,162.32,1.0
1727289130380,162.32,14.0
1727289130380,162.32,9.0
1727289130377,162.33,20.0
1727289130378,162.33,27.0
1727289130378,162.33,25.0
1727289130378,162.33,28.0
1727289130378,162.33,100.0
1727289130378,162.32,38.0
1727289130378,162.32,25.0
1727289130378,162.32,6.0
1727289130378,162.32,17.0
1727289130378,162.33,13.0
1727289130481,162.3326,100.0
1727289130392,162.32,20.0
1727289130393,162.33,100.0
1727289130393,162.33,10.0
1727289130393,162.33,10.0
1727289130403,162.339,100.0
1727289130048,162.37,1000.0
1727289130127,162.355,98.0
1727289130237,162.355,100.0
1727289130337,162.35,5.0
1727289130337,162.35,1.0
1727289131009,162.34,7.0
1727289131021,162.3382,1.0
1727289131077,162.3499,160.0
1727289131078,162.34,20.0
1727289131275,162.34,30.0
1727289131421,162.34,100.0
1727289131635,162.335,100.0
1727289131841,162.3488,1.0
1727289131963,162.325,64.0
1727289132312,162.3,5.0
1727289132399,162.3,13.0
1727289132403,162.31,10.0
1727289133468,162.3,5.0
1727289133468,162.3,6.0
1727289133469,162.3,194.0
1727289133469,162.28,1.0
1727289133503,162.3,4.0
1727289133506,162.3,27.0
1727289133622,162.28,40.0
1727289133847,162.28,45.0
1727289133847,162.27,50.0
1727289133847,162.27,10.0
1727289133851,162.28,50.0
1727289133852,162.3,25.0
1727289133852,162.3,100.0
1727289133847,162.27,30.0
1727289134687,162.3192,7.0
1727289134004,162.31,32.0
1727289134015,162.3,10.0
1727289134015,162.3,50.0
1727289134405,162.31,5.0
1727289134405,162.31,8.0
1727289134405,162.31,20.0
1727289134405,162.31,95.0
1727289134454,162.3199,100.0
1727289134451,162.31,10.0
1727289134786,162.3024,2.0
1727289134797,162.3024,1.0
1727289134838,162.3225,100.0
1727289134941,162.4072,100.0
1727289135393,162.3132,100.0
1727289135908,162.325,73.0
1727289136145,162.32,1.0
1727289136178,162.3101,1000.0
1727289136676,162.325,100.0
1727289136676,162.33,70.0
1727289136677,162.309,51.0
1727289136862,162.32,400.0
1727289136874,162.321,10.0
1727289136875,162.321,200.0
1727289136875,162.32,190.0
1727289136876,162.32,100.0
1727289136877,162.3103,2290.0
1727289136877,162.3103,810.0
1727289136878,162.3131,61.0
1727289137686,162.3393,1.0
1727289137699,162.3399,1.0
1727289137304,162.325,1.0
1727289137423,162.325,100.0
1727289137491,162.3853,2.0
1727289138870,162.32,75.0
1727289138943,162.32,16.0
1727289139135,162.385,3.0
1727289139771,162.3399,100.0
1727289140054,162.32,50.0
1727289140055,162.3299,1.0
1727289141058,162.3205,30.0
1727289141077,162.338,5.0
1727289140462,162.33,30.0
1727289140531,162.3223,100.0
1727289140660,162.3201,50.0
1727289141381,162.34,400.0
1727289141423,162.34,1.0
1727289141430,162.3443,100.0
1727289142015,162.3499,19.0
1727289142043,162.3301,26.0
1727289142076,162.33,5.0
1727289142252,162.3373,210.0
1727289143016,162.34,33.0
1727289143016,162.35,100.0
1727289143016,162.35,1.0
1727289143017,162.35,9.0
1727289143017,162.35,26.0
1727289143537,162.36,100.0
1727289143537,162.36,6.0
1727289143537,162.36,34.0
1727289143537,162.36,12.0
1727289143537,162.36,57.0
1727289143541,162.36,20.0
1727289143594,162.365,40.0
1727289143671,162.35,100.0
1727289143933,162.3863,22.0
1727289144069,162.35,50.0
1727289144069,162.35,25.0
1727289144069,162.35,25.0
1727289144414,162.3697,200.0
1727289144449,162.3584,20.0
1727289144567,162.3592,1.0
1727289144614,162.3504,700.0
1727289145038,162.35,20.0
1727289145039,162.36,10.0
1727289145327,162.34,1.0
1727289145331,162.3539,1.0
1727289145401,162.3401,1403.0
1727289145412,162.35,150.0
1727289145823,162.35,200.0
1727289145831,162.35,20.0
1727289145962,162.37,30.0
1727289146409,162.37,300.0
1727289146435,162.3527,200.0
1727289147111,162.3676,100.0
1727289147275,162.37,52.0
1727289147275,162.37,25.0
1727289147374,162.37,150.0
1727289147390,162.3501,500.0
1727289147763,162.37,100.0
1727289147990,162.3778,5.0
1727289148030,162.385,3.0
1727289149314,162.38,1.0
1727289149406,162.385,120.0
1727289149598,162.39,50.0
1727289149598,162.39,10.0
1727289149598,162.39,25.0
1727289149599,162.4,50.0
1727289149599,162.4,50.0
1727289149599,162.4,100.0
1727289150469,162.37,47.0
1727289149708,162.385,49.0
1727289150473,162.36,103.0
1727289149829,162.38,50.0
1727289149830,162.38,50.0
1727289150507,162.37,150.0
1727289150379,162.36,25.0
1727289150379,162.36,10.0
1727289150379,162.36,50.0
1727289150379,162.36,50.0
1727289150383,162.35,40.0
1727289150660,162.365,2.0
1727289150695,162.35,50.0
1727289150695,162.35,50.0
1727289150718,162.3678,440.0
1727289150890,162.3524,5.0
1727289151056,162.3755,100.0
1727289151593,162.3757,100.0
1727289151665,162.3757,200.0
1727289151903,162.35,6.0
1727289151910,162.3676,1.0
1727289152519,162.3669,1.0
1727289152608,162.35,1.0
1727289152608,162.35,49.0
1727289152608,162.35,1.0
1727289152903,162.401,3.0
1727289152915,162.36,25.0
1727289152916,162.37,25.0
1727289152916,162.37,100.0
1727289152916,162.38,25.0
1727289152916,162.38,75.0
1727289152916,162.38,10.0
1727289152916,162.37,5.0
1727289152916,162.37,1.0
1727289152916,162.38,25.0
1727289152916,162.38,65.0
1727289152917,162.37,3.0
1727289152926,162.38,25.0
1727289152926,162.39,4.0
1727289152926,162.39,40.0
1727289152977,162.3899,100.0
1727289153636,162.38,2.0
1727289153636,162.38,48.0
1727289153636,162.38,185.0
1727289153940,162.3805,1.0
1727289153549,162.3703,118.0
1727289154214,162.39,75.0
1727289154338,162.38,315.0
1727289154338,162.37,50.0
1727289154338,162.37,50.0
1727289154338,162.36,10.0
1727289154338,162.36,25.0
1727289154338,162.36,50.0
1727289154338,162.36,50.0
1727289154338,162.36,300.0
1727289154338,162.37,92.0
1727289154339,162.35,50.0
1727289154339,162.35,50.0
1727289154339,162.35,100.0
1727289154339,162.35,46.0
1727289154339,162.35,46.0
1727289154339,162.34,50.0
1727289154339,162.34,50.0
1727289154339,162.34,250.0
1727289154339,162.34,100.0
1727289154340,162.35,50.0
1727289154340,162.34,50.0
1727289154349,162.34,1100.0
1727289154349,162.34,100.0
1727289154349,162.34,100.0
1727289154349,162.34,58.0
1727289154420,162.35,1.0
1727289154637,162.35,100.0
1727289154637,162.35,100.0
1727289155000,162.3632,100.0
1727289155155,162.36,5.0
1727289155198,162.36,1.0
1727289155221,162.3626,100.0
1727289155767,162.3699,100.0
1727289155771,162.37,4.0
1727289155916,162.36,29.0
1727289156157,162.36,100.0
1727289156941,162.36,1.0
1727289157064,162.36,20.0
1727289157448,162.36,50.0
1727289157451,162.3694,50.0
1727289157772,162.3743,100.0
1727289157910,162.36,19.0
1727289158057,162.37,100.0
1727289158353,162.3799,100.0
1727289158395,162.37,10.0
1727289158637,162.36,100.0
1727289158930,162.3699,100.0
1727289159092,162.36,20.0
1727289159096,162.36,37.0
1727289159096,162.36,30.0
1727289159223,162.36,50.0
1727289159223,162.36,25.0
1727289159226,162.36,25.0
1727289159279,162.36,100.0
1727289159545,162.3668,100.0
1727289159884,162.36,2.0
1727289159923,162.3699,100.0
1727289159968,162.3601,1.0
1727289160226,162.3694,200.0
1727289160261,162.365,100.0
1727289160546,162.37,100.0
1727289160800,162.36,8.0
1727289160843,162.36,100.0
1727289161211,162.37,100.0
1727289161471,162.37,25.0
1727289162359,162.365,1.0
1727289162609,162.3501,1700.0
1727289162615,162.37,63.0
1727289163165,162.36,40.0
1727289163478,162.36,100.0
1727289163540,162.36,69.0
1727289163757,162.36,7.0
1727289164795,162.3624,3.0
1727289165071,162.3977,2.0
1727289165339,162.37,50.0
1727289165340,162.37,50.0
1727289165340,162.37,100.0
1727289165340,162.37,10.0
1727289165343,162.37,427.0
1727289167391,162.3705,500.0
1727289167405,162.3701,37.0
1727289229350,162.4194,1.0
1727289230275,162.2664,500.0
1727289231057,162.28,1.0
1727289231096,162.28,99.0
1727289231097,162.275,24.0
1727289230629,162.274,150.0
1727289230876,162.27,100.0
1727289230904,162.27,241.0
1727289230959,162.2788,1.0
1727289231500,162.2635,2.0
1727289231719,162.2616,5.0
1727289232181,162.2623,10.0
1727289232650,162.2777,8.0
1727289232653,162.28,1.0
1727289233304,162.27,25.0
1727289233308,162.2685,10.0
1727289233759,162.27,10.0
1727289234082,162.26,5.0
1727289235210,162.26,25.0
1727289235241,162.2505,430.0
1727289234633,162.2401,100.0
1727289235567,162.26,1.0
1727289235567,162.26,99.0
1727289236247,162.26,50.0
1727289235945,162.2527,200.0
1727289236313,162.2613,30.0
1727289236411,162.27,1.0
1727289236411,162.27,9.0
1727289236512,162.2509,8.0
1727289236687,162.26,5.0
1727289237039,162.2937,8.0
1727289237039,162.299,40.0
1727289237212,162.26,1.0
1727289238444,162.26,100.0
1727289238559,162.26,27.0
1727289238559,162.26,1.0
1727289238647,162.255,100.0
1727289239026,162.2601,100.0
1727289239817,162.27,1.0
1727289239903,162.27,40.0
1727289239912,162.27,54.0
1727289239916,162.28,7.0
1727289240002,162.28,1.0
1727289240318,162.278,5.0
1727289240960,162.25,300.0
1727289240961,162.25,100.0
1727289240962,162.25,1.0
1727289240962,162.25,1.0
1727289240962,162.25,1.0
1727289240962,162.25,29.0
1727289240962,162.25,32.0
1727289240962,162.25,1.0
1727289240963,162.25,100.0
1727289240963,162.25,10.0
1727289240963,162.25,1.0
1727289240963,162.25,50.0
1727289240964,162.24,3.0
1727289240965,162.24,2.0
1727289240965,162.24,100.0
1727289240965,162.24,25.0
1727289240966,162.24,1574.0
1727289240888,162.255,10.0
1727289241179,162.24,12.0
1727289241480,162.24,27.0
1727289241491,162.24,1.0
1727289241537,162.2271,30.0
1727289241537,162.23,40.0
1727289241277,162.24,300.0
1727289241967,162.22,13.0
1727289241967,162.22,1.0
1727289241968,162.22,1.0
1727289241968,162.22,1.0
1727289241968,162.22,25.0
1727289241426,162.242,100.0
1727289242254,162.21,35.0
1727289242254,162.21,15.0
1727289242254,162.21,25.0
1727289242624,162.22,25.0
1727289242890,162.22,1.0
1727289243391,162.218,12.0
1727289243558,162.21,10.0
1727289244152,162.22,1.0
1727289244518,162.22,1.0
1727289244615,162.21,300.0
1727289244620,162.21,100.0
1727289244621,162.21,200.0
1727289244622,162.21,400.0
1727289244654,162.21,15.0
1727289245264,162.21,50.0
1727289245264,162.21,10.0
1727289245530,162.22,100.0
1727289245624,162.222,50.0
1727289245662,162.22,80.0
1727289245674,162.22,2.0
1727289245929,162.2031,400.0
1727289246274,162.2107,25.0
1727289246144,162.21,1.0
1727289246153,162.21,114.0
1727289246449,162.215,54.0
1727289246619,162.2138,165.0
1727289247362,162.2201,200.0
1727289246965,162.21,20.0
1727289246966,162.22,100.0
1727289246966,162.22,10.0
1727289246966,162.22,10.0
1727289246966,162.22,100.0
1727289246966,162.22,51.0
1727289247426,162.232,100.0
1727289247716,162.2209,10.0
1727289247913,162.2694,2.0
1727289247915,162.24,1.0
1727289247931,162.24,7.0
1727289247932,162.24,90.0
1727289247958,162.24,1.0
1727289247969,162.2373,199.0
1727289247973,162.234,80.0
1727289247985,162.2373,1.0
1727289248753,162.2375,200.0
1727289248863,162.2301,100.0
1727289250226,162.2399,100.0
1727289250897,162.2112,1.0
1727289251282,162.2101,13.0
1727289251456,162.2285,5.0
1727289251659,162.212,800.0
1727289251659,162.214,1100.0
1727289252010,162.2199,1.0
1727289252175,162.21,41.0
1727289252552,162.21,1.0
1727289252590,162.2,67.0
1727289252590,162.2,11.0
1727289252590,162.2,22.0
1727289252590,162.2,5.0
1727289252835,162.19,100.0
1727289252835,162.19,400.0
1727289252835,162.19,10.0
1727289252835,162.19,100.0
1727289252835,162.19,45.0
1727289252835,162.19,100.0
1727289252835,162.19,100.0
1727289252835,162.19,50.0
1727289252835,162.19,90.0
1727289253034,162.19,100.0
1727289253034,162.19,50.0
1727289253034,162.19,50.0
1727289253036,162.19,100.0
1727289253093,162.18,300.0
1727289253095,162.18,200.0
1727289253095,162.18,300.0
1727289253095,162.18,10.0
1727289253095,162.18,202.0
1727289253095,162.18,100.0
1727289253095,162.18,100.0
1727289253095,162.18,98.0
1727289253095,162.18,80.0
1727289253095,162.18,120.0
1727289253099,162.175,30.0
1727289253102,162.17,30.0
1727289253109,162.17,5.0
1727289253109,162.17,150.0
1727289253109,162.17,1.0
1727289253109,162.17,1300.0
1727289253109,162.17,299.0
1727289253109,162.17,20.0
1727289253109,162.17,9.0
1727289253109,162.175,100.0
1727289253110,162.17,41.0
1727289253110,162.17,1.0
1727289253113,162.17,1100.0
1727289253134,162.16,50.0
1727289253136,162.16,50.0
1727289253182,162.17,1.0
1727289253298,162.17,50.0
1727289253298,162.17,2.0
1727289253298,162.17,10.0
1727289253298,162.16,50.0
1727289253298,162.16,25.0
1727289253298,162.16,50.0
1727289253298,162.16,16.0
1727289253299,162.16,5.0
1727289253299,162.16,2.0
1727289253299,162.16,25.0
1727289253299,162.16,100.0
1727289253299,162.16,100.0
1727289253299,162.16,45.0
1727289253299,162.16,100.0
1727289253299,162.16,100.0
1727289253300,162.16,100.0
1727289253300,162.16,2.0
1727289253300,162.16,98.0
1727289253300,162.16,23.0
1727289253306,162.1699,50.0
1727289253308,162.17,100.0
1727289253308,162.17,10.0
1727289253308,162.17,50.0
1727289253308,162.17,54.0
1727289253308,162.17,100.0
1727289253308,162.17,12.0
1727289253350,162.18,54.0
1727289253356,162.18,100.0
1727289253429,162.19,5.0
1727289253523,162.18,166.0
1727289253902,162.1805,61.0
1727289254149,162.192,200.0
1727289254435,162.19,1.0
1727289254555,162.195,50.0
1727289254795,162.19,300.0
1727289254843,162.2,3.0
1727289254844,162.2,100.0
1727289255166,162.202,15.0
1727289255179,162.2009,3000.0
1727289255209,162.2014,30.0
1727289256682,162.2302,500.0
1727289256776,162.206,24.0
1727289256233,162.21,10.0
1727289256233,162.21,12.0
1727289256505,162.215,100.0
1727289256532,162.22,100.0
1727289256532,162.22,2.0
1727289256532,162.22,14.0
1727289256532,162.22,37.0
1727289256532,162.23,49.0
1727289256532,162.23,100.0
1727289256532,162.22,3.0
1727289256532,162.22,97.0
1727289256533,162.23,51.0
1727289256973,162.235,100.0
1727289257749,162.235,1.0
1727289257841,162.2311,100.0
1727289258290,162.24,18.0
1727289258290,162.24,100.0
1727289258290,162.24,100.0
1727289258291,162.24,100.0
1727289258310,162.26,2.0
1727289258964,162.25,6.0
1727289258964,162.25,12.0
1727289258964,162.25,3.0
1727289258969,162.25,50.0
1727289259010,162.24,1.0
1727289259752,162.2401,9.0
1727289261015,162.25,29.0
1727289261300,162.25,25.0
1727289261300,162.25,50.0
1727289261300,162.25,6.0
1727289261300,162.25,50.0
1727289261300,162.25,2.0
1727289261300,162.26,500.0
1727289261300,162.26,1.0
1727289261300,162.255,200.0
1727289261301,162.26,37.0
1727289261301,162.26,20.0
1727289261302,162.26,80.0
1727289261302,162.26,60.0
1727289261302,162.26,1.0
1727289261302,162.26,13.0
1727289261302,162.26,100.0
1727289261302,162.26,57.0
1727289261302,162.26,51.0
1727289261302,162.26,6.0
1727289261302,162.26,1.0
1727289261302,162.26,29.0
1727289261538,162.28,10.0
1727289261770,162.275,1.0
1727289262298,162.2897,50.0
1727289262342,162.2758,1.0
1727289262553,162.29,100.0
1727289262553,162.29,50.0
1727289262553,162.29,50.0
1727289262667,162.3,33.0
1727289262751,162.29,10.0
1727289262939,162.29,5.0
1727289263151,162.295,2000.0
1727289263467,162.29,1.0
1727289264139,162.28,5.0
1727289265104,162.25,25.0
1727289265104,162.25,19.0
1727289265088,162.27,1.0
1727289265088,162.27,6.0
1727289265088,162.27,4.0
1727289265088,162.27,25.0
1727289265088,162.27,10.0
1727289265088,162.27,1.0
1727289265088,162.28,30.0
1727289265088,162.26,50.0
1727289265088,162.26,100.0
1727289265143,162.2301,200.0
1727289265670,162.25,1.0
1727289266583,162.25,2.0
1727289266617,162.2577,100.0
1727289267062,162.27,2.0
1727289267315,162.2514,25.0
1727289268205,162.25,10.0
1727289268205,162.25,25.0
1727289268206,162.25,10.0
1727289267548,162.2793,495.0
1727289268396,162.25,100.0
1727289268423,162.27,10.0
1727289268603,162.27,15.0
1727289268603,162.27,35.0
1727289268603,162.27,92.0
1727289268603,162.27,8.0
1727289268636,162.27,100.0
1727289268792,162.26,50.0
1727289268792,162.26,50.0
1727289268932,162.4186,100.0
1727289269007,162.2601,1500.0
1727289269317,162.2629,33.0
1727289269441,162.26,10.0
1727289269441,162.26,19.0
1727289269441,162.26,50.0
1727289269441,162.26,21.0
1727289269442,162.26,100.0
1727289270200,162.2706,10.0
1727289270142,162.275,40.0
1727289270147,162.28,1.0
1727289270405,162.2715,1.0
1727289270498,162.28,1.0
1727289270566,162.27,10.0
1727289270597,162.271,1.0
1727289270690,162.27,1.0
1727289271279,162.28,1.0
1727289271026,162.2793,10.0
1727289271049,162.275,10.0
1727289271180,162.275,5.0
1727289271900,162.2701,1.0
1727289271908,162.27,25.0
1727289271908,162.27,50.0
1727289272692,162.255,30.0
1727289272695,162.25,25.0
1727289272695,162.25,50.0
1727289272701,162.233,10.0
1727289273027,162.24,10.0
1727289273027,162.25,50.0
1727289273027,162.25,126.0
1727289273027,162.25,1.0
1727289273027,162.25,10.0
1727289273027,162.25,10.0
1727289273028,162.25,135.0
1727289273028,162.26,50.0
1727289273149,162.25,50.0
1727289273247,162.27,5.0
1727289273481,162.25,40.0
1727289273711,162.2611,100.0
1727289273989,162.27,231.0
1727289273990,162.27,33.0
1727289273991,162.27,5.0
1727289274186,162.27,5.0
1727289274479,162.27,25.0
1727289274513,162.27,52.0
1727289274514,162.27,100.0
1727289274514,162.27,1.0
1727289274516,162.28,27.0
1727289275782,162.2729,4.0
1727289275850,162.28,6.0
1727289275995,162.278,100.0
1727289276110,162.29,30.0
1727289276110,162.29,20.0
1727289276112,162.28,100.0
1727289276261,162.2899,3.0
1727289276606,162.28,1.0
1727289277628,162.28,15.0
1727289276958,162.29,50.0
1727289276958,162.29,50.0
1727289277177,162.29,2.0
1727289277177,162.29,8.0
1727289277177,162.28,100.0
1727289277975,162.275,43.0
1727289277978,162.28,1.0
1727289278209,162.275,100.0
1727289278300,162.275,300.0
1727289278504,162.2779,20.0
1727289279632,162.275,15.0
1727289279565,162.28,150.0
1727289279768,162.2715,9.0
1727289279949,162.28,1.0
1727289280098,162.2892,3.0
1727289280221,162.28,100.0
1727289280227,162.28,10.0
1727289280240,162.28,37.0
1727289280255,162.28,1.0
1727289281395,162.27,1.0
1727289281550,162.28,1.0
1727289281578,162.28,15.0
1727289281578,162.28,35.0
1727289281578,162.28,25.0
1727289281578,162.28,100.0
1727289281578,162.28,100.0
1727289281578,162.28,50.0
1727289283042,162.28,50.0
1727289283042,162.28,50.0
1727289283862,162.2801,4.0
1727289283950,162.284,100.0
1727289283972,162.2803,250.0
1727289284072,162.2898,400.0
1727289285720,162.2258,29.0
1727289285868,162.28,1.0
1727289285868,162.28,100.0
1727289285869,162.28,10.0
1727289285873,162.275,110.0
1727289285875,162.27,40.0
1727289286445,162.2899,1.0
1727289286642,162.28,400.0
1727289290623,162.294,100.0
1727289290980,162.3,1.0
1727289290986,162.2999,100.0
1727289291297,162.295,100.0
1727289349275,162.23,1.0
1727289349496,162.2388,1.0
1727289350335,162.22,65.0
1727289351727,162.23,2.0
1727289351758,162.24,100.0
1727289351758,162.24,58.0
1727289351758,162.24,100.0
1727289351758,162.24,100.0
1727289351758,162.25,1.0
1727289351765,162.25,200.0
1727289351768,162.25,100.0
1727289352364,162.24,500.0
1727289352794,162.245,1.0
1727289352952,162.245,1.0
1727289353819,162.245,1.0
1727289354170,162.24,8.0
1727289354170,162.24,78.0
1727289354191,162.3135,100.0
1727289354329,162.2415,10.0
1727289354516,162.2425,1.0
1727289354791,162.24,22.0
1727289354791,162.24,80.0
1727289354792,162.24,100.0
1727289354794,162.245,1.0
1727289354798,162.233,78.0
1727289354838,162.23,23.0
1727289354838,162.23,77.0
1727289354838,162.23,23.0
1727289354839,162.23,100.0
1727289355217,162.22,2.0
1727289355217,162.22,8.0
1727289355218,162.22,4.0
1727289355218,162.22,12.0
1727289355218,162.22,1.0
1727289355226,162.22,2.0
1727289355226,162.22,9.0
1727289356001,162.22,10.0
1727289356001,162.22,10.0
1727289356001,162.22,10.0
1727289356005,162.23,1.0
1727289356122,162.23,10.0
1727289356710,162.23,9.0
1727289357101,162.22,1.0
1727289358248,162.2154,10.0
1727289358454,162.2444,12.0
1727289359421,162.21,2.0
1727289360062,162.21,10.0
1727289360935,162.356,100.0
1727289361458,162.21,6.0
1727289361458,162.21,5.0
1727289361459,162.21,1.0
1727289361459,162.21,2.0
1727289361459,162.21,1.0
1727289361459,162.21,2.0
1727289361460,162.21,100.0
1727289361461,162.21,3.0
1727289361839,162.21,3.0
1727289361945,162.21,2.0
1727289361951,162.2,100.0
1727289361952,162.2001,100.0
1727289361952,162.2001,298.0
1727289362214,162.205,700.0
1727289362218,162.2099,700.0
1727289362687,162.21,10.0
1727289362702,162.2,100.0
1727289363692,162.21,54.0
1727289363692,162.21,10.0
1727289363692,162.21,25.0
1727289363692,162.21,68.0
1727289363692,162.21,43.0
1727289363692,162.21,7.0
1727289363703,162.215,21.0
1727289364145,162.2736,1.0
1727289364208,162.22,10.0
1727289364209,162.22,79.0
1727289364209,162.22,21.0
1727289364281,162.23,145.0
1727289364281,162.2306,131.0
1727289364288,162.23,50.0
1727289364293,162.23,50.0
1727289364310,162.23,10.0
1727289364545,162.21,1.0
1727289365510,162.24,16.0
1727289365514,162.23,1.0
1727289365518,162.24,10.0
1727289365519,162.24,100.0
1727289365523,162.24,90.0
1727289365849,162.25,69.0
1727289365977,162.242,1.0
1727289366005,162.245,1.0
1727289366183,162.2489,123.0
1727289366354,162.2488,1.0
1727289366581,162.2407,40.0
1727289366865,162.2488,1.0
1727289366908,162.3531,5.0
1727289366938,162.2401,45.0
1727289367022,162.2493,1.0
1727289367300,162.245,13.0
1727289368405,162.24,25.0
1727289368405,162.24,50.0
1727289368405,162.24,10.0
1727289368405,162.24,15.0
1727289368406,162.24,53.0
1727289368424,162.24,100.0
1727289367920,162.2441,14.0
1727289367925,162.2608,10.0
1727289368695,162.2358,84.0
1727289368795,162.24,1.0
1727289368886,162.25,10.0
1727289368886,162.25,90.0
1727289368886,162.25,100.0
1727289368886,162.25,2.0
1727289368886,162.25,6.0
1727289368886,162.25,24.0
1727289369066,162.26,17.0
1727289369666,162.25,3.0
1727289369678,162.25,40.0
1727289370964,162.25,115.0
1727289371290,162.2599,25.0
1727289371886,162.2414,20.0
1727289372431,162.25,50.0
1727289373554,162.25,1.0
1727289373088,162.24,1.0
1727289373308,162.2401,1.0
1727289373369,162.2423,100.0
1727289373920,162.25,20.0
1727289374058,162.2525,10.0
1727289374271,162.25,1.0
1727289374485,162.25,100.0
1727289374998,162.25,100.0
1727289374998,162.25,100.0
1727289374998,162.25,5.0
1727289374998,162.25,17.0
1727289374998,162.25,16.0
1727289374998,162.25,53.0
1727289375048,162.255,10.0
1727289375051,162.25,21.0
1727289375070,162.2515,161.0
1727289375129,162.255,50.0
1727289375788,162.26,2.0
1727289375788,162.26,38.0
1727289375788,162.26,62.0
1727289375788,162.26,38.0
1727289375788,162.26,51.0
1727289375791,162.27,1.0
1727289375817,162.2552,20.0
1727289375550,162.25,1.0
1727289375553,162.255,1.0
1727289375596,162.255,200.0
1727289375927,162.27,30.0
1727289376834,162.28,3.0
1727289376362,162.2783,300.0
1727289377061,162.27,100.0
1727289377062,162.27,100.0
1727289376406,162.27,3.0
1727289377335,162.2999,500.0
1727289378028,162.295,50.0
1727289377392,162.29,200.0
1727289376703,162.272,25.0
1727289378054,162.3031,157.0
1727289378098,162.2914,25.0
1727289378166,162.3099,500.0
1727289378166,162.3,1.0
1727289378166,162.3,3.0
1727289378166,162.3,60.0
1727289378166,162.3,10.0
1727289378166,162.3,5.0
1727289378166,162.3,5.0
1727289378167,162.3,5.0
1727289378169,162.3,15.0
1727289378832,162.294,18.0
1727289378242,162.3,19.0
1727289378242,162.3,100.0
1727289378242,162.29,2.0
1727289378242,162.29,100.0
1727289377994,162.2928,15.0
1727289377622,162.3,1.0
1727289378355,162.2861,35.0
1727289377174,162.28,49.0
1727289377175,162.28,100.0
1727289377178,162.29,15.0
1727289377178,162.29,4.0
1727289377178,162.29,4.0
1727289377179,162.29,100.0
1727289377179,162.29,4.0
1727289379251,162.2723,50.0
1727289378500,162.28,89.0
1727289379091,162.28,10.0
1727289379091,162.28,1.0
1727289379091,162.28,15.0
1727289379952,162.28,1.0
1727289379959,162.2877,100.0
1727289377204,162.29,48.0
1727289377221,162.29,1.0
1727289380331,162.2899,200.0
1727289380331,162.29,50.0
1727289380331,162.2899,200.0
1727289380332,162.29,200.0
1727289380334,162.3,50.0
1727289380334,162.3,10.0
1727289380334,162.3,100.0
1727289380334,162.3,50.0
1727289380335,162.3,10.0
1727289380335,162.29,50.0
1727289380335,162.29,90.0
1727289380335,162.3,1.0
1727289380335,162.3,1.0
1727289380335,162.3,48.0
1727289380335,162.29,50.0
1727289380335,162.31,1040.0
1727289380336,162.3,5.0
1727289380414,162.3,4.0
1727289380432,162.3,2.0
1727289381372,162.2998,35.0
1727289381761,162.29,10.0
1727289382159,162.2552,5.0
1727289382167,162.3,1.0
1727289382293,162.2676,2.0
1727289382350,162.3,47.0
1727289382571,162.2953,430.0
1727289382621,162.29,50.0
1727289383200,162.29,100.0
1727289383212,162.28,10.0
1727289383535,162.27,2.0
1727289384341,162.2506,3.0
1727289383683,162.27,1.0
1727289384742,162.2506,1.0
1727289384904,162.3431,3.0
1727289385016,162.26,1.0
1727289385836,162.255,1.0
1727289385930,162.26,10.0
1727289385930,162.26,10.0
1727289385930,162.26,50.0
1727289385931,162.26,10.0
1727289385931,162.26,97.0
1727289385930,162.26,20.0
1727289386481,162.265,1.0
1727289386832,162.26,92.0
1727289386948,162.26,10.0
1727289387581,162.2586,10.0
1727289387739,162.25,1.0
1727289387740,162.25,10.0
1727289388404,162.25,1.0
1727289388181,162.25,5.0
1727289388964,162.2599,550.0
1727289389071,162.2583,28.0
1727289389850,162.2588,1.0
1727289389870,162.25,10.0
1727289389703,162.24,10.0
1727289389703,162.24,20.0
1727289389707,162.2415,1.0
1727289389946,162.25,10.0
1727289389946,162.25,20.0
1727289390173,162.26,12.0
1727289390360,162.2412,1.0
1727289390622,162.25,100.0
1727289390623,162.24,1.0
1727289390623,162.24,5.0
1727289390623,162.24,500.0
1727289390624,162.23,1.0
1727289390625,162.23,5.0
1727289390772,162.23,100.0
1727289390773,162.2202,499.0
1727289391263,162.23,9.0
1727289391969,162.2392,47.0
1727289392082,162.236,12.0
1727289392102,162.2759,28.0
1727289392464,162.2454,61.0
1727289393094,162.24,1.0
1727289393598,162.24,12.0
1727289393739,162.2444,100.0
1727289393785,162.245,300.0
1727289393974,162.24,100.0
1727289394539,162.2301,10.0
1727289395901,162.2815,100.0
1727289396121,162.25,35.0
1727289396925,162.25,200.0
1727289397361,162.24,10.0
1727289397361,162.24,50.0
1727289397361,162.24,3.0
1727289397361,162.24,10.0
1727289397361,162.24,50.0
1727289397362,162.23,100.0
1727289397367,162.23,1.0
1727289397514,162.2588,1.0
1727289397662,162.24,20.0
1727289398047,162.25,57.0
1727289398048,162.25,10.0
1727289398548,162.25,25.0
1727289398548,162.25,50.0
1727289398771,162.25,30.0
1727289399422,162.24,10.0
1727289399422,162.24,100.0
1727289399722,162.2201,1.0
1727289400154,162.2399,10.0
1727289400524,162.2808,100.0
1727289401142,162.22,5.0
1727289401222,162.23,100.0
1727289401676,162.23,1.0
1727289401902,162.2376,25.0
1727289401942,162.22,200.0
1727289402510,162.235,15.0
1727289402786,162.22,1.0
1727289402997,162.2399,495.0
1727289403016,162.23,100.0
1727289403542,162.23,20.0
1727289403909,162.22,190.0
1727289405776,162.263,1.0
1727289405837,162.22,2.0
1727289405837,162.21,5.0
1727289405837,162.21,10.0
1727289405837,162.21,40.0
1727289405837,162.22,100.0
1727289405837,162.22,1.0
1727289405837,162.21,100.0
1727289405837,162.21,100.0
1727289405837,162.21,50.0
1727289405837,162.21,2.0
1727289405837,162.22,7.0
1727289405837,162.22,100.0
1727289405837,162.22,16.0
1727289405837,162.22,40.0
1727289405838,162.22,10.0
1727289405838,162.22,1.0
1727289405839,162.23,1.0
1727289405839,162.21,3.0
1727289406279,162.225,23.0
1727289406284,162.22,18.0
1727289406695,162.225,100.0
1727289407299,162.23,12.0
1727289407299,162.23,55.0
1727289407299,162.23,45.0
1727289407118,162.23,300.0
1727289407120,162.2258,300.0
1727289407218,162.23,1.0
1727289407221,162.2257,20.0
1727289407729,162.2312,1.0
1727289407793,162.25,216.0
1727289407795,162.2405,216.0
1727289473753,162.275,5.0
1727289473798,162.28,2.0
1727289474099,162.273,29.0
1727289473959,162.2793,10.0
1727289474320,162.27,20.0
1727289474320,162.26,5.0
1727289474320,162.26,25.0
1727289474320,162.26,100.0
1727289474320,162.26,50.0
1727289474320,162.26,100.0
1727289474335,162.2408,400.0
1727289474826,162.27,25.0
1727289474832,162.26,50.0
1727289474832,162.25,50.0
1727289474832,162.25,100.0
1727289474832,162.25,100.0
1727289474832,162.25,58.0
1727289474832,162.26,4.0
1727289474871,162.26,2.0
1727289475057,162.25,5.0
1727289475062,162.24,18.0
1727289475729,162.24,15.0
1727289476324,162.22,1.0
1727289476324,162.23,100.0
1727289476324,162.23,40.0
1727289476324,162.21,500.0
1727289476324,162.23,18.0
1727289476324,162.23,100.0
1727289476324,162.23,22.0
1727289476325,162.21,1.0
1727289476327,162.21,6.0
1727289476327,162.21,2.0
1727289476327,162.21,92.0
1727289476329,162.215,100.0
1727289476330,162.21,3.0
1727289476331,162.22,17.0
1727289476333,162.22,13.0
1727289476333,162.22,10.0
1727289475827,162.3225,8.0
1727289475827,162.24,20.0
1727289475827,162.24,50.0
1727289475943,162.24,30.0
1727289476071,162.23,40.0
1727289476153,162.24,30.0
1727289476153,162.24,100.0
1727289476153,162.23,25.0
1727289476153,162.23,100.0
1727289476153,162.23,100.0
1727289476153,162.23,21.0
1727289476153,162.23,200.0
1727289476153,162.23,200.0
1727289476153,162.23,50.0
1727289476154,162.24,2.0
1727289476162,162.22,15.0
1727289476167,162.23,1.0
1727289476571,162.22,100.0
1727289476571,162.22,50.0
1727289476571,162.22,100.0
1727289476571,162.22,50.0
1727289477225,162.215,19.0
1727289477236,162.21,15.0
1727289476853,162.2299,100.0
1727289477328,162.2,300.0
1727289477328,162.22,400.0
1727289477340,162.21,13.0
1727289477340,162.2,47.0
1727289477340,162.2,3.0
1727289477340,162.2,16.0
1727289477340,162.2,84.0
1727289477340,162.2,100.0
1727289477340,162.2,100.0
1727289477340,162.2,1047.0
1727289477340,162.2,100.0
1727289477340,162.2,203.0
1727289477341,162.2,10.0
1727289477343,162.2,1500.0
1727289477063,162.21,13.0
1727289477073,162.22,9.0
1727289477162,162.215,4.0
1727289477389,162.2,200.0
1727289477963,162.2,15.0
1727289478078,162.2,5.0
1727289478079,162.2,255.0
1727289478079,162.2,245.0
1727289478092,162.1986,9.0
1727289478484,162.1991,100.0
1727289479427,162.2375,7.0
1727289479603,162.198,100.0
1727289479733,162.2,10.0
1727289480340,162.2001,4.0
1727289480354,162.21,100.0
1727289480354,162.21,12.0
1727289480354,162.21,80.0
1727289480354,162.21,100.0
1727289480354,162.21,400.0
1727289480354,162.21,8.0
1727289480354,162.21,54.0
1727289480354,162.21,100.0
1727289480354,162.21,100.0
1727289480557,162.21,6.0
1727289480557,162.21,4.0
1727289480560,162.2,15.0
1727289481605,162.2,15.0
1727289481872,162.2,100.0
1727289482135,162.2098,400.0
1727289482901,162.1901,2.0
1727289483232,162.2379,2.0
1727289483314,162.195,231.0
1727289483315,162.2,98.0
1727289483371,162.318,1.0
1727289483855,162.207,1.0
1727289483954,162.21,10.0
1727289483954,162.21,25.0
1727289484166,162.202,5.0
1727289484329,162.21,232.0
1727289484381,162.21,10.0
1727289484463,162.2199,100.0
1727289484508,162.21,10.0
1727289484610,162.21,1.0
1727289484685,162.21,1.0
1727289485387,162.21,100.0
1727289485387,162.21,10.0
1727289485536,162.215,20.0
1727289485666,162.21,1.0
1727289485821,162.22,40.0
1727289485821,162.22,10.0
1727289485821,162.22,50.0
1727289485925,162.22,5.0
1727289485925,162.22,4.0
1727289485925,162.21,50.0
1727289486266,162.23,32.0
1727289486646,162.2101,1.0
1727289487317,162.2268,27.0
1727289488424,162.2388,1.0
1727289488735,162.22,2.0
1727289488985,162.21,1.0
1727289488988,162.23,1.0
1727289489143,162.215,500.0
1727289489444,162.23,31.0
1727289489470,162.2264,15.0
1727289489598,162.22,29.0
1727289490042,162.2299,500.0
1727289489648,162.2421,100.0
1727289490230,162.228,100.0
1727289490287,162.23,8.0
1727289490287,162.23,2.0
1727289490295,162.2301,1.0
1727289490331,162.24,1.0
1727289490331,162.24,6.0
1727289490331,162.24,18.0
1727289490524,162.24,2.0
1727289490584,162.24,182.0
1727289490584,162.23,100.0
1727289490584,162.23,38.0
1727289491520,162.24,150.0
1727289491560,162.23,1.0
1727289491798,162.2395,100.0
1727289492249,162.23,60.0
1727289492988,162.23,150.0
1727289493005,162.2404,30.0
1727289492579,162.23,1.0
1727289492839,162.2386,25.0
1727289492943,162.23,10.0
1727289493075,162.22,500.0
1727289493257,162.24,50.0
1727289493257,162.24,50.0
1727289493257,162.24,10.0
1727289493257,162.24,25.0
1727289493257,162.24,1.0
1727289493257,162.24,50.0
1727289493257,162.24,100.0
1727289493294,162.24,100.0
1727289493297,162.25,50.0
1727289493297,162.25,25.0
1727289493297,162.25,50.0
1727289493297,162.25,50.0
1727289493298,162.25,1.0
1727289493298,162.25,550.0
1727289493324,162.26,1.0
1727289493324,162.26,2.0
1727289493324,162.26,50.0
1727289493325,162.26,47.0
1727289493328,162.26,4.0
1727289493634,162.2401,5.0
1727289493860,162.25,16.0
1727289494044,162.2688,1.0
1727289494133,162.25,10.0
1727289494369,162.252,200.0
1727289494529,162.245,1.0
1727289494554,162.2488,1.0
1727289494632,162.255,1.0
1727289494634,162.255,99.0
1727289494646,162.245,100.0
1727289495313,162.2401,1218.0
1727289495355,162.26,50.0
1727289495355,162.26,50.0
1727289495362,162.2586,10.0
1727289495494,162.26,50.0
1727289495494,162.26,10.0
1727289495494,162.26,28.0
1727289495494,162.26,51.0
1727289495505,162.255,12.0
1727289495593,162.25,100.0
1727289495662,162.258,100.0
1727289495971,162.26,100.0
1727289496167,162.2372,7.0
1727289496445,162.2398,1.0
1727289498452,162.2524,100.0
1727289497801,162.24,5.0
1727289496824,162.26,2.0
1727289498057,162.24,500.0
1727289498086,162.24,10.0
1727289498117,162.24,5.0
1727289498283,162.24,50.0
1727289498283,162.24,10.0
1727289498286,162.25,100.0
1727289498286,162.25,1.0
1727289498288,162.24,100.0
1727289498288,162.25,5.0
1727289498289,162.25,39.0
1727289497086,162.26,50.0
1727289498644,162.24,1.0
1727289497313,162.24,20.0
1727289498656,162.25,50.0
1727289498993,162.23,40.0
1727289498997,162.2316,1.0
1727289499166,162.2303,1.0
1727289499628,162.24,1.0
1727289500225,162.24,10.0
1727289500339,162.24,50.0
1727289500339,162.24,10.0
1727289500339,162.24,13.0
1727289500607,162.256,400.0
1727289500499,162.2499,4.0
1727289501627,162.25,32.0
1727289501722,162.26,1.0
1727289501884,162.2489,1.0
1727289502744,162.2499,200.0
1727289502339,162.245,1.0
1727289502645,162.24,3.0
1727289502826,162.24,4.0
1727289502886,162.25,50.0
1727289502886,162.26,20.0
1727289502886,162.26,5.0
1727289502886,162.26,10.0
1727289502886,162.26,100.0
1727289502886,162.25,2.0
1727289502887,162.25,3.0
1727289502887,162.26,200.0
1727289503737,162.32,2.0
1727289503751,162.31,200.0
1727289503757,162.315,300.0
1727289503767,162.32,100.0
1727289503169,162.26,100.0
1727289503169,162.26,50.0
1727289503169,162.26,500.0
1727289503169,162.26,100.0
1727289503169,162.27,100.0
1727289503169,162.27,5.0
1727289503170,162.27,51.0
1727289503170,162.27,30.0
1727289503234,162.28,6.0
1727289503271,162.28,51.0
1727289503272,162.28,1.0
1727289503310,162.3,1.0
1727289503310,162.3,1.0
1727289503310,162.3,5.0
1727289503310,162.3,25.0
1727289503310,162.3,10.0
1727289503310,162.3,100.0
1727289503310,162.3,68.0
1727289503310,162.31,100.0
1727289503310,162.3,38.0
1727289503315,162.305,1.0
1727289503314,162.3,14.0
1727289503315,162.31,10.0
1727289503316,162.31,20.0
1727289503529,162.3002,150.0
1727289503570,162.305,100.0
1727289503668,162.31,50.0
1727289503702,162.32,50.0
1727289503702,162.32,5.0
1727289503702,162.32,50.0
1727289503702,162.32,25.0
1727289503703,162.32,40.0
1727289503703,162.32,100.0
1727289503703,162.32,5.0
1727289503703,162.33,100.0
1727289503703,162.33,50.0
1727289503703,162.33,3.0
1727289503703,162.33,42.0
1727289503703,162.33,50.0
1727289503703,162.33,50.0
1727289503703,162.33,50.0
1727289503703,162.33,100.0
1727289503703,162.33,18.0
1727289503703,162.33,100.0
1727289503703,162.33,32.0
1727289503704,162.33,100.0
1727289503704,162.34,50.0
1727289503704,162.34,100.0
1727289503704,162.34,80.0
1727289503705,162.33,50.0
1727289503705,162.33,100.0
1727289503705,162.33,50.0
1727289503821,162.3006,2000.0
1727289503953,162.32,8.0
1727289503969,162.32,92.0
1727289504272,162.33,25.0
1727289504272,162.33,100.0
1727289504272,162.33,50.0
1727289504272,162.33,100.0
1727289504272,162.32,50.0
1727289504272,162.32,6.0
1727289504272,162.33,6.0
1727289504272,162.33,100.0
1727289504273,162.33,100.0
1727289504275,162.33,61.0
1727289504277,162.33,5.0
1727289504277,162.33,25.0
1727289504277,162.33,70.0
1727289504293,162.32,200.0
1727289504419,162.32,100.0
1727289504419,162.32,175.0
1727289504455,162.32,22.0
1727289504472,162.32,100.0
1727289504499,162.32,10.0
1727289504500,162.3286,90.0
1727289504501,162.32,50.0
1727289504501,162.32,25.0
1727289504501,162.32,200.0
1727289504502,162.31,100.0
1727289504508,162.32,50.0
1727289504577,162.32,124.0
1727289504578,162.319,26.0
1727289504584,162.3299,100.0
1727289504585,162.33,100.0
1727289504713,162.315,200.0
1727289505127,162.325,100.0
1727289505194,162.325,2.0
1727289505250,162.3298,250.0
1727289505947,162.3,43.0
1727289505599,162.326,100.0
1727289505923,162.33,50.0
1727289505928,162.33,30.0
1727289505928,162.33,70.0
1727289505928,162.33,10.0
1727289505928,162.33,50.0
1727289505928,162.33,100.0
1727289505928,162.33,20.0
1727289505929,162.33,3.0
1727289505931,162.31,25.0
1727289505931,162.31,50.0
1727289505931,162.31,100.0
1727289505931,162.31,25.0
1727289505931,162.31,75.0
1727289505932,162.31,50.0
1727289505934,162.31,48.0
1727289505936,162.31,1.0
1727289505936,162.3,25.0
1727289505936,162.3,75.0
1727289505940,162.3,500.0
1727289505703,162.33,50.0
1727289506034,162.3,1.0
1727289506050,162.3,14.0
1727289506054,162.3,52.0
1727289506205,162.31,7.0
1727289506269,162.31,14.0
1727289506269,162.31,50.0
1727289506269,162.31,100.0
1727289506269,162.31,100.0
1727289506269,162.31,50.0
1727289506269,162.31,50.0
1727289506270,162.31,100.0
1727289506271,162.31,2.0
1727289506271,162.31,2.0
1727289506387,162.3001,100.0
1727289507001,162.315,23.0
1727289507017,162.315,25.0
1727289506441,162.3099,1000.0
1727289507026,162.319,30.0
1727289506575,162.306,100.0
1727289506643,162.3,50.0
1727289507194,162.3032,100.0
1727289507979,162.3,50.0
1727289507979,162.3,100.0
1727289507979,162.31,100.0
1727289507387,162.31,300.0
1727289507563,162.3,200.0
1727289507888,162.32,8.0
1727289507904,162.32,100.0
1727289508292,162.32,31.0
1727289508566,162.315,25.0
1727289508737,162.3278,440.0
1727289508863,162.29,1800.0
1727289509275,162.32,50.0
1727289509275,162.33,25.0
1727289509275,162.33,50.0
1727289509275,162.33,75.0
1727289509275,162.33,250.0
1727289509275,162.33,100.0
1727289510064,162.33,13.0
1727289510065,162.335,112.0
1727289509707,162.2476,1.0
1727289509818,162.315,1000.0
1727289510518,162.336,10.0
1727289510668,162.337,500.0
1727289510941,162.335,5.0
1727289511249,162.34,1.0
1727289511250,162.34,86.0
1727289511252,162.3317,20.0
1727289511309,162.34,124.0
1727289511309,162.339,26.0
1727289511316,162.34,120.0
1727289511316,162.34,40.0
1727289511317,162.35,5.0
1727289511317,162.34,5.0
1727289511317,162.34,50.0
1727289511317,162.34,37.0
1727289511317,162.34,100.0
1727289511317,162.35,50.0
1727289511711,162.35,100.0
1727289511712,162.35,100.0
1727289511804,162.3421,1.0
1727289511911,162.2624,2.0
1727289511912,162.35,3.0
1727289511912,162.35,3.0
1727289511912,162.35,49.0
1727289511914,162.35,50.0
1727289511914,162.35,11.0
1727289511915,162.35,139.0
1727289512322,162.358,190.0
1727289512468,162.3559,200.0
1727289512659,162.3301,1.0
1727289512731,162.3525,25.0
1727289512912,162.349,5.0
1727289513018,162.345,200.0
1727289513285,162.35,100.0
1727289513616,162.35,1.0
1727289513727,162.35,1.0
1727289513962,162.3411,100.0
1727289514098,162.2495,23.0
1727289514264,162.35,300.0
1727289514265,162.35,12.0
1727289514392,162.35,36.0
1727289514413,162.345,100.0
1727289514631,162.35,18.0
1727289514760,162.35,200.0
1727289514948,162.35,100.0
1727289515201,162.35,50.0
1727289516308,162.36,50.0
1727289516308,162.36,10.0
1727289516308,162.36,3.0
1727289516309,162.36,10.0
1727289516309,162.37,50.0
1727289516309,162.37,5.0
1727289516170,162.36,50.0
1727289516170,162.35,40.0
1727289516170,162.35,5.0
1727289516171,162.36,5.0
1727289516448,162.3616,1.0
1727289516518,162.3785,1.0
1727289517088,162.37,25.0
1727289517113,162.36,5.0
1727289517381,162.372,300.0
1727289517695,162.38,5.0
1727289517695,162.38,25.0
1727289517695,162.38,100.0
1727289517762,162.38,25.0
1727289517762,162.38,25.0
1727289517763,162.38,20.0
1727289518000,162.37,52.0
1727289518086,162.38,5.0
1727289518086,162.38,10.0
1727289518086,162.38,50.0
1727289518171,162.38,17.0
1727289518617,162.375,7.0
1727289518798,162.38,1.0
1727289518798,162.38,1.0
1727289518866,162.3765,40.0
1727289518969,162.38,5.0
1727289519170,162.38,14.0
1727289519613,162.3612,1.0
1727289519636,162.37,50.0
1727289520170,162.38,25.0
1727289520403,162.37,5.0
1727289520527,162.37,10.0
1727289521170,162.2548,7.0
1727289521170,162.37,17.0
1727289521655,162.36,100.0
1727289521655,162.36,100.0
1727289521655,162.36,100.0
1727289521655,162.36,200.0
1727289521655,162.36,2.0
1727289521655,162.36,5.0
1727289521655,162.36,3.0
1727289521655,162.36,100.0
1727289521655,162.36,100.0
1727289521655,162.36,50.0
1727289521655,162.36,100.0
1727289521655,162.36,10.0
1727289521655,162.36,25.0
1727289521655,162.36,46.0
1727289521656,162.37,50.0
1727289521656,162.37,25.0
1727289521656,162.37,42.0
1727289521658,162.36,3.0
1727289521658,162.36,7.0
1727289521387,162.366,200.0
1727289522115,162.36,4.0
1727289522794,162.335,7.0
1727289522133,162.35,100.0
1727289522134,162.34,16.0
1727289522134,162.34,500.0
1727289522134,162.34,80.0
1727289522134,162.34,20.0
1727289522502,162.335,4.0
1727289522508,162.335,3.0
1727289523776,162.33,10.0
1727289522839,162.3302,200.0
1727289523878,162.335,1.0
1727289523971,162.335,100.0
1727289523975,162.33,92.0
1727289523975,162.33,8.0
1727289523975,162.33,1.0
1727289523975,162.33,1.0
1727289523975,162.33,2.0
1727289523975,162.33,97.0
1727289523975,162.33,2.0
1727289523975,162.33,5.0
1727289522945,162.336,25.0
1727289522999,162.3393,10.0
1727289524170,162.33,10.0
1727289524170,162.33,99.0
1727289523059,162.335,15.0
1727289524249,162.332,100.0
1727289524019,162.3206,27.0
1727289523170,162.34,41.0
1727289524868,162.3377,424.0
1727289524872,162.32,1000.0
1727289524539,162.33,300.0
1727289524541,162.32,1.0
1727289524889,162.332,5.0
1727289524749,162.3313,10.0
1727289525170,162.328,100.0
1727289525259,162.34,100.0
1727289525260,162.34,100.0
1727289523607,162.3307,25.0
1727289525406,162.33,100.0
1727289525462,162.33,1.0
1727289525985,162.33,31.0
1727289525985,162.33,5.0
1727289526061,162.3399,100.0
1727289526114,162.34,100.0
1727289526114,162.34,7.0
1727289526115,162.34,10.0
1727289526115,162.34,100.0
1727289526115,162.34,100.0
1727289526124,162.35,4.0
1727289526124,162.35,10.0
1727289526124,162.35,52.0
1727289526127,162.36,4.0
1727289526131,162.36,22.0
1727289526261,162.365,3.0
1727289526698,162.3601,1.0
1727289526444,162.3697,400.0
1727289527305,162.36,150.0
1727289527372,162.355,1.0
1727289527413,162.36,22.0
1727289527882,162.35,7.0
1727289527944,162.36,50.0
1727289527944,162.36,78.0
1727289528861,162.35,169.0
1727289528129,162.355,400.0
1727289528143,162.3507,14.0
1727289528171,162.37,95.0
1727289529046,162.358,20.0
1727289528709,162.3683,400.0
1727289528826,162.36,10.0
1727289528827,162.35,100.0
1727289528833,162.35,999.0
1727289528844,162.35,31.0
1727289529533,162.355,2400.0
1727289529903,162.36,10.0
1727289534060,162.331,2.0
1727289534090,162.35,10.0
1727289531988,162.3301,40.0
1727289533960,162.34,200.0
1727289562434,162.4987,100.0
1727289562446,162.4901,1.0
1727289624546,162.58,10.0
1727289624547,162.58,10.0
1727289624547,162.58,5.0
1727289624547,162.58,100.0
1727289624547,162.58,10.0
1727289624548,162.58,300.0
1727289624548,162.58,100.0
1727289624630,162.575,200.0
1727289624665,162.5701,2.0
1727289624686,162.58,10.0
1727289624707,162.5799,8.0
1727289624904,162.58,100.0
1727289624904,162.58,50.0
1727289624905,162.58,13.0
1727289625163,162.59,5.0
1727289625734,162.5894,30.0
1727289626002,162.585,500.0
1727289626008,162.585,100.0
1727289626167,162.3963,2.0
1727289626874,162.58,6.0
1727289626874,162.58,10.0
1727289626875,162.58,50.0
1727289626875,162.57,100.0
1727289626875,162.57,50.0
1727289626875,162.57,100.0
1727289626875,162.57,25.0
1727289626875,162.57,10.0
1727289626875,162.57,100.0
1727289626876,162.58,7.0
1727289626876,162.58,100.0
1727289626876,162.58,24.0
1727289626876,162.57,10.0
1727289626876,162.57,5.0
1727289626876,162.57,5.0
1727289626876,162.57,15.0
1727289626876,162.58,50.0
1727289626876,162.58,100.0
1727289626876,162.58,200.0
1727289626876,162.58,12.0
1727289626876,162.58,10.0
1727289626876,162.58,20.0
1727289626876,162.58,8.0
1727289626876,162.57,2.0
1727289626876,162.58,92.0
1727289626971,162.5777,1.0
1727289627171,162.59,30.0
1727289627171,162.59,44.0
1727289627171,162.59,26.0
1727289627172,162.59,6.0
1727289627361,162.595,100.0
1727289627365,162.6,100.0
1727289627366,162.6,5.0
1727289627366,162.6,880.0
1727289627366,162.6,97.0
1727289627366,162.61,10.0
1727289627366,162.6,500.0
1727289627366,162.61,100.0
1727289627366,162.6,910.0
1727289627366,162.6,90.0
1727289627366,162.61,5.0
1727289627366,162.61,5.0
1727289627367,162.605,200.0
1727289627368,162.605,200.0
1727289627370,162.6,2300.0
1727289627371,162.61,1.0
1727289627372,162.605,200.0
1727289627375,162.61,3.0
1727289627378,162.61,1.0
1727289628022,162.5901,2.0
1727289628187,162.5968,125.0
1727289628188,162.6,9.0
1727289628188,162.59,10.0
1727289628188,162.59,90.0
1727289628188,162.595,200.0
1727289628214,162.585,28.0
1727289628618,162.581,1.0
1727289628630,162.5899,600.0
1727289628652,162.59,100.0
1727289628653,162.5899,100.0
1727289628658,162.59,100.0
1727289628659,162.5899,100.0
1727289628660,162.59,24.0
1727289628660,162.59,1.0
1727289628660,162.5899,24.0
1727289628661,162.5899,1.0
1727289628661,162.59,75.0
1727289628661,162.59,25.0
1727289628662,162.59,50.0
1727289628662,162.5899,75.0
1727289628662,162.5899,300.0
1727289628671,162.6,100.0
1727289628671,162.6,100.0
1727289628807,162.6,100.0
1727289628841,162.6,1.0
1727289628928,162.6076,3.0
1727289628960,162.6088,1.0
1727289628960,162.581,1.0
1727289629253,162.6001,1.0
1727289629329,162.6093,630.0
1727289629382,162.606,50.0
1727289629740,162.4979,1.0
1727289629775,162.6,1.0
1727289630078,162.4991,44.0
1727289630508,162.61,16.0
1727289630508,162.61,14.0
1727289630509,162.61,20.0
1727289630509,162.61,3.0
1727289631124,162.605,40.0
1727289631144,162.6,9.0
1727289631144,162.6,200.0
1727289631144,162.6,100.0
1727289631145,162.6,16.0
1727289631440,162.5711,300.0
1727289631444,162.56,10.0
1727289631503,162.57,6.0
1727289631503,162.57,194.0
1727289631662,162.4058,100.0
1727289631504,162.58,134.0
1727289631505,162.565,100.0
1727289631678,162.57,100.0
1727289631678,162.57,50.0
1727289631678,162.57,50.0
1727289631680,162.57,8.0
1727289631680,162.56,8.0
1727289631694,162.57,308.0
1727289631695,162.57,100.0
1727289631695,162.56,5.0
1727289631695,162.57,100.0
1727289631695,162.56,38.0
1727289631702,162.57,82.0
1727289631702,162.56,2.0
1727289631702,162.56,6.0
1727289631702,162.56,25.0
1727289631638,162.57,8.0
1727289631639,162.57,50.0
1727289632537,162.5888,1.0
1727289632669,162.59,50.0
1727289632669,162.59,10.0
1727289632669,162.59,3.0
1727289632669,162.59,45.0
1727289632669,162.59,2.0
1727289632675,162.59,100.0
1727289632675,162.59,21.0
1727289632682,162.59,2.0
1727289632690,162.59,2.0
1727289632731,162.59,7.0
1727289632913,162.582,160.0
1727289633098,162.582,5.0
1727289633452,162.59,60.0
1727289633511,162.59,200.0
1727289633668,162.595,100.0
1727289633668,162.595,100.0
1727289633669,162.595,100.0
1727289633669,162.595,100.0
1727289633670,162.595,100.0
1727289633670,162.595,100.0
1727289633671,162.595,100.0
1727289633671,162.595,100.0
1727289633672,162.595,100.0
1727289633672,162.595,100.0
1727289633536,162.59,100.0
1727289633673,162.595,200.0
1727289633536,162.59,2.0
1727289633543,162.59,8.0
1727289633679,162.59,32.0
1727289633680,162.59,300.0
1727289633681,162.59,20.0
1727289633681,162.59,9.0
1727289633681,162.59,39.0
1727289633683,162.58,300.0
1727289633712,162.5998,500.0
1727289634636,162.505,7.0
1727289634844,162.6,2.0
1727289635714,162.595,147.0
1727289636871,162.59,100.0
1727289636871,162.59,100.0
1727289636871,162.59,100.0
1727289636873,162.59,7.0
1727289636873,162.59,200.0
1727289636873,162.59,2.0
1727289636873,162.59,52.0
1727289636874,162.56,50.0
1727289636874,162.56,100.0
1727289636874,162.57,105.0
1727289636874,162.57,150.0
1727289636874,162.56,50.0
1727289636874,162.57,30.0
1727289636874,162.56,100.0
1727289636874,162.56,20.0
1727289636874,162.57,100.0
1727289636874,162.56,34.0
1727289637136,162.5788,1.0
1727289637300,162.58,200.0
1727289637585,162.5799,50.0
1727289637607,162.5615,80.0
1727289637628,162.57,100.0
1727289637628,162.57,10.0
1727289637628,162.57,50.0
1727289637628,162.57,10.0
1727289637628,162.57,50.0
1727289638158,162.5612,1.0
1727289638439,162.57,2.0
1727289638525,162.575,200.0
1727289638711,162.58,1.0
1727289639205,162.58,1.0
1727289639328,162.58,10.0
1727289640222,162.5851,100.0
1727289640435,162.58,300.0
1727289640496,162.58,1.0
1727289640496,162.58,1.0
1727289640797,162.58,15.0
1727289641491,162.59,1.0
1727289641493,162.59,74.0
1727289641493,162.589,26.0
1727289641498,162.59,50.0
1727289641502,162.59,49.0
1727289641502,162.59,40.0
1727289641502,162.59,6.0
1727289641502,162.59,4.0
1727289641504,162.59,179.0
1727289641519,162.59,21.0
1727289641633,162.4244,29.0
1727289642518,162.598,100.0
1727289643016,162.59,1.0
1727289643124,162.6,1.0
1727289643650,162.6,1.0
1727289643842,162.6,1.0
1727289644460,162.595,4.0
1727289644750,162.595,1.0
1727289644900,162.6,6.0
1727289644995,162.6,52.0
1727289644996,162.6,2.0
1727289644996,162.6,1.0
1727289644996,162.6,1.0
1727289644996,162.6,1.0
1727289644996,162.6,10.0
1727289644996,162.6,79.0
1727289644996,162.6,21.0
1727289644996,162.6,10.0
1727289644999,162.6,9.0
1727289645000,162.6,4.0
1727289645389,162.6,10.0
1727289646826,162.605,3.0
1727289646893,162.61,50.0
1727289646893,162.61,1.0
1727289646893,162.61,5.0
1727289646893,162.61,400.0
1727289646893,162.61,5.0
1727289646893,162.61,9.0
1727289646893,162.62,85.0
1727289646893,162.61,3.0
1727289646893,162.61,67.0
1727289646893,162.61,50.0
1727289646893,162.61,5.0
1727289646894,162.62,5.0
1727289647107,162.62,1.0
1727289647320,162.3778,10.0
1727289647433,162.63,4.0
1727289647507,162.62,4.0
1727289647944,162.6142,100.0
1727289648209,162.62,50.0
1727289648216,162.62,13.0
1727289648260,162.61,100.0
1727289648774,162.615,100.0
1727289649132,162.615,100.0
1727289649951,162.615,100.0
1727289649995,162.615,3.0
1727289650126,162.618,10.0
1727289650649,162.6075,100.0
1727289650201,162.6104,25.0
1727289650723,162.62,25.0
1727289650846,162.61,61.0
1727289651096,162.62,100.0
1727289651102,162.6199,1.0
1727289651263,162.62,100.0
1727289651408,162.6299,6.0
1727289651409,162.5202,1.0
1727289651813,162.4162,100.0
1727289651826,162.62,10.0
1727289651826,162.63,5.0
1727289651826,162.63,1.0
1727289651834,162.63,6.0
1727289652034,162.6226,2.0
1727289652144,162.625,100.0
1727289652203,162.6279,100.0
1727289652293,162.625,1.0
1727289652585,162.63,100.0
1727289652585,162.63,100.0
1727289652585,162.63,100.0
1727289652585,162.63,100.0
1727289652585,162.63,90.0
1727289652585,162.64,100.0
1727289652586,162.64,200.0
1727289652586,162.64,700.0
1727289652586,162.64,10.0
1727289652691,162.645,400.0
1727289652734,162.64,2.0
1727289652734,162.64,100.0
1727289652734,162.63,100.0
1727289652734,162.63,10.0
1727289652734,162.63,28.0
1727289652734,162.63,72.0
1727289652734,162.63,50.0
1727289652734,162.63,100.0
1727289652735,162.64,7.0
1727289652735,162.64,100.0
1727289652735,162.64,85.0
1727289652735,162.64,100.0
1727289652735,162.64,18.0
1727289652735,162.64,7.0
1727289652735,162.64,190.0
1727289652735,162.63,10.0
1727289652737,162.63,48.0
1727289652997,162.6399,1.0
1727289653010,162.63,570.0
1727289653230,162.6399,50.0
1727289653332,162.63,1.0
1727289653754,162.64,6.0
1727289653761,162.64,50.0
1727289653912,162.6396,50.0
1727289654013,162.635,1.0
1727289654020,162.64,10.0
1727289654086,162.6399,50.0
1727289654135,162.635,100.0
1727289654669,162.63,900.0
1727289654675,162.64,10.0
1727289654705,162.64,7.0
1727289654741,162.635,100.0
1727289654929,162.6301,2.0
1727289654944,162.634,200.0
1727289655227,162.635,1.0
1727289655573,162.6391,250.0
1727289655578,162.64,50.0
1727289655578,162.64,50.0
1727289655578,162.64,1.0
1727289655578,162.64,10.0
1727289655578,162.64,1.0
1727289655578,162.65,19.0
1727289655578,162.65,125.0
1727289655578,162.65,50.0
1727289655578,162.65,6.0
1727289655579,162.65,1.0
1727289655579,162.65,2.0
1727289655579,162.65,1.0
1727289655579,162.65,250.0
1727289655579,162.65,75.0
1727289655579,162.65,500.0
1727289655579,162.65,100.0
1727289655579,162.65,5.0
1727289655579,162.65,175.0
1727289655579,162.66,2.0
1727289655579,162.66,10.0
1727289655579,162.66,50.0
1727289655579,162.66,5.0
1727289655579,162.66,1.0
1727289655579,162.66,100.0
1727289655580,162.66,1.0
1727289655582,162.65,7.0
1727289655632,162.651,10.0
1727289655634,162.65,1.0
1727289655634,162.65,32.0
1727289655634,162.65,100.0
1727289655634,162.6501,1.0
1727289655634,162.65,100.0
1727289655635,162.6501,32.0
1727289655635,162.6501,100.0
1727289655635,162.65,10.0
1727289655635,162.65,46.0
1727289655635,162.65,1.0
1727289655635,162.6501,100.0
1727289655636,162.6501,1.0
1727289655636,162.6501,10.0
1727289655637,162.6501,46.0
1727289655637,162.64,200.0
1727289656034,162.6588,1.0
1727289656232,162.5287,1.0
1727289656233,162.645,500.0
1727289656240,162.645,100.0
1727289656357,162.65,6.0
1727289656590,162.65,100.0
1727289656596,162.66,153.0
1727289656926,162.645,15.0
1727289657107,162.6557,100.0
1727289657108,162.65,172.0
1727289657431,162.65,1.0
1727289657437,162.648,100.0
1727289657494,162.655,100.0
1727289657494,162.65,100.0
1727289657495,162.66,110.0
1727289657496,162.66,1.0
1727289657496,162.66,1.0
1727289657496,162.66,68.0
1727289657496,162.66,1.0
1727289657496,162.6599,110.0
1727289657496,162.66,188.0
1727289657496,162.6599,1.0
1727289657497,162.6599,1.0
1727289657497,162.6599,188.0
1727289657497,162.66,10.0
1727289657497,162.66,10.0
1727289657497,162.66,87.0
1727289657497,162.66,100.0
1727289657497,162.6599,1.0
1727289657497,162.6599,68.0
1727289657498,162.6599,100.0
1727289657498,162.6599,10.0
1727289657499,162.6599,10.0
1727289657499,162.6599,87.0
1727289657499,162.67,74.0
1727289657499,162.67,150.0
1727289657500,162.67,200.0
1727289657525,162.66,100.0
1727289657896,162.6416,1.0
1727289657531,162.669,500.0
1727289657951,162.63,1000.0
1727289657965,162.64,1.0
1727289657540,162.6684,300.0
1727289657996,162.638,200.0
1727289657566,162.67,100.0
1727289657753,162.66,10.0
1727289657753,162.66,100.0
1727289657753,162.65,10.0
1727289657753,162.65,100.0
1727289657753,162.66,100.0
1727289657753,162.66,100.0
1727289657753,162.65,100.0
1727289657753,162.66,22.0
1727289657753,162.65,100.0
1727289657753,162.66,78.0
1727289657753,162.65,22.0
1727289657753,162.65,100.0
1727289657753,162.65,50.0
1727289657753,162.65,100.0
1727289657753,162.65,400.0
1727289657753,162.66,6.0
1727289657753,162.66,29.0
1727289657753,162.65,78.0
1727289657753,162.65,100.0
1727289657753,162.66,65.0
1727289657753,162.65,50.0
1727289657754,162.65,100.0
1727289657754,162.65,100.0
1727289657754,162.65,80.0
1727289657754,162.65,100.0
1727289657754,162.65,20.0
1727289657754,162.65,6.0
1727289657754,162.65,50.0
1727289657754,162.65,100.0
1727289657754,162.65,50.0
1727289657754,162.65,29.0
1727289657754,162.65,100.0
1727289657754,162.64,100.0
1727289657754,162.64,400.0
1727289657754,162.64,100.0
1727289657754,162.64,200.0
1727289657754,162.64,100.0
1727289657754,162.64,6.0
1727289657754,162.64,100.0
1727289657754,162.65,100.0
1727289657754,162.64,50.0
1727289657754,162.64,100.0
1727289657754,162.64,50.0
1727289657754,162.64,100.0
1727289657754,162.64,5.0
1727289657754,162.64,100.0
1727289657754,162.65,10.0
1727289657755,162.64,100.0
1727289657755,162.64,150.0
1727289657755,162.64,100.0
1727289657755,162.64,100.0
1727289657755,162.64,36.0
1727289657755,162.635,15.0
1727289657839,162.65,16.0
1727289657850,162.64,200.0
1727289657850,162.644,210.0
1727289657854,162.64,90.0
1727289658043,162.65,100.0
1727289658043,162.65,10.0
1727289658043,162.65,100.0
1727289658043,162.65,90.0
1727289658044,162.65,15.0
1727289658044,162.64,2.0
1727289658045,162.65,2.0
1727289658049,162.64,1.0
1727289658050,162.64,99.0
1727289658053,162.65,1.0
1727289658053,162.65,100.0
1727289658055,162.655,89.0
1727289658120,162.64,100.0
1727289658163,162.64,1.0
1727289658163,162.64,99.0
1727289658203,162.6418,200.0
1727289658274,162.65,100.0
1727289658531,162.64,1.0
1727289658577,162.6499,500.0
1727289658754,162.638,100.0
1727289659061,162.6633,50.0
1727289659075,162.665,100.0
1727289658799,162.645,1.0
1727289658867,162.645,100.0
1727289658877,162.649,100.0
1727289658943,162.65,100.0
1727289659678,162.664,47.0
1727289659705,162.664,14.0
1727289659732,162.666,10.0
1727289660148,162.67,100.0
1727289659790,162.665,100.0
1727289660264,162.6699,3.0
1727289660299,162.665,100.0
1727289660622,162.665,100.0
1727289660650,162.6603,2.0
1727289661072,162.6692,50.0
1727289661125,162.662,19.0
1727289661137,162.3894,28.0
1727289661140,162.66,100.0
1727289661140,162.66,1.0
1727289661140,162.66,10.0
1727289661140,162.66,10.0
1727289661141,162.66,21.0
1727289660862,162.6625,200.0
1727289660912,162.67,6.0
1727289660916,162.67,59.0
1727289660992,162.6609,5.0
1727289661147,162.66,6.0
1727289661535,162.65,10.0
1727289661535,162.64,100.0
1727289661535,162.64,100.0
1727289661536,162.64,100.0
1727289661536,162.65,4.0
1727289661540,162.64,10.0
1727289661545,162.64,20.0
1727289661547,162.64,100.0
1727289661566,162.64,100.0
1727289662307,162.64,845.0
1727289662308,162.64,1155.0
1727289662363,162.6376,100.0
1727289661615,162.63,5.0
1727289661615,162.63,5.0
1727289661615,162.63,90.0
1727289661615,162.63,100.0
1727289661615,162.63,99.0
1727289661615,162.63,56.0
1727289661615,162.62,4.0
1727289661615,162.63,181.0
1727289661615,162.62,10.0
1727289661616,162.63,100.0
1727289661620,162.62,90.0
1727289661722,162.625,450.0
1727289661795,162.64,91.0
1727289661801,162.625,200.0
1727289662120,162.63,25.0
1727289662137,162.6215,50.0
1727289662630,162.64,500.0
1727289662643,162.63,1.0
1727289662765,162.63,3.0
1727289662766,162.63,25.0
1727289662766,162.63,300.0
1727289662767,162.62,12.0
1727289662794,162.63,25.0
1727289662956,162.62,10.0
1727289663277,162.63,25.0
1727289663277,162.63,11.0
1727289663277,162.63,10.0
1727289663277,162.64,25.0
1727289663277,162.64,100.0
1727289663277,162.64,50.0
1727289663277,162.64,46.0
1727289663277,162.64,10.0
1727289663277,162.64,100.0
1727289663278,162.64,100.0
1727289663278,162.64,100.0
1727289663278,162.63,23.0
1727289663278,162.64,42.0
1727289663278,162.64,100.0
1727289663279,162.64,10.0
1727289663278,162.64,23.0
1727289663301,162.6499,100.0
1727289663303,162.63,100.0
1727289663311,162.64,20.0
1727289663311,162.64,20.0
1727289663311,162.64,20.0
1727289663312,162.64,10.0
1727289663342,162.63,100.0
1727289663675,162.64,40.0
1727289663738,162.635,138.0
1727289663962,162.6399,4.0
1727289663965,162.64,1.0
1727289664000,162.635,2.0
1727289664000,162.6325,293.0
1727289664014,162.64,100.0
1727289664048,162.65,92.0
1727289664168,162.6301,10.0
1727289664560,162.64,105.0
1727289664615,162.63,100.0
1727289664615,162.63,20.0
1727289664615,162.63,8.0
1727289664616,162.62,20.0
1727289664616,162.63,200.0
1727289664616,162.63,100.0
1727289664620,162.61,40.0
1727289664620,162.62,100.0
1727289664620,162.62,100.0
1727289664644,162.629,10.0
1727289665115,162.6289,1.0
1727289665183,162.61,5.0
1727289665458,162.63,140.0
1727289665558,162.63,25.0
1727289665558,162.63,10.0
1727289665560,162.63,1.0
1727289665561,162.639,10.0
1727289665562,162.635,103.0
1727289665653,162.62,1.0
1727289665663,162.63,100.0
1727289665824,162.62,50.0
1727289665824,162.62,100.0
1727289665824,162.62,20.0
1727289665825,162.62,116.0
1727289665825,162.62,100.0
1727289665825,162.62,271.0
1727289665990,162.62,15.0
1727289666001,162.63,200.0
1727289666278,162.628,50.0
1727289666383,162.62,100.0
1727289666382,162.62,1.0
1727289666382,162.62,10.0
1727289666382,162.62,1.0
1727289666383,162.62,25.0
1727289666386,162.62,112.0
1727289666235,162.62,100.0
1727289666395,162.62,60.0
1727289666396,162.62,11.0
1727289666396,162.62,51.0
1727289666396,162.62,675.0
1727289666396,162.61,225.0
1727289666396,162.62,100.0
1727289666396,162.62,100.0
1727289666396,162.62,50.0
1727289666396,162.61,735.0
1727289666396,162.62,68.0
1727289666396,162.62,100.0
1727289666397,162.61,167.0
1727289666416,162.62,50.0
1727289666505,162.62,25.0
1727289666534,162.62,25.0
1727289667479,162.61,10.0
1727289667697,162.62,100.0
1727289667727,162.62,100.0
1727289666761,162.6112,1.0
1727289667350,162.63,100.0
1727289668003,162.6163,100.0
1727289668196,162.62,50.0
1727289668256,162.62,10.0
1727289668256,162.62,20.0
1727289668579,162.62,100.0
1727289668579,162.62,61.0
1727289668599,162.62,100.0
1727289668601,162.62,400.0
1727289668969,162.6101,6.0
1727289669004,162.62,18.0
1727289669271,162.618,1.0
1727289669908,162.6299,100.0
1727289670112,162.6101,1.0
1727289670216,162.62,100.0
1727289670395,162.62,1.0
1727289670433,162.62,100.0
1727289670438,162.62,1.0
1727289670438,162.62,39.0
1727289670443,162.625,60.0
1727289670447,162.63,60.0
1727289670594,162.63,1.0
1727289670610,162.63,6.0
1727289670653,162.625,100.0
1727289670730,162.6285,5.0
1727289670930,162.6208,1.0
1727289670895,162.6201,100.0
1727289671059,162.62,10.0
1727289671059,162.62,50.0
1727289671059,162.62,67.0
1727289671059,162.62,73.0
1727289671059,162.62,3.0
1727289671501,162.62,1.0
1727289672025,162.6276,100.0
1727289672045,162.6148,500.0
1727289672233,162.63,30.0
1727289672233,162.63,10.0
1727289672233,162.63,50.0
1727289672234,162.64,50.0
1727289672234,162.64,50.0
1727289672234,162.64,200.0
1727289672234,162.64,10.0
1727289672234,162.64,600.0
1727289672234,162.65,2.0
1727289672235,162.64,7.0
1727289672235,162.64,20.0
1727289672235,162.64,42.0
1727289672378,162.6288,1.0
1727289672618,162.65,100.0
1727289672919,162.6402,4.0
1727289672932,162.6416,5.0
1727289673286,162.65,8.0
1727289673378,162.65,20.0
1727289673378,162.65,30.0
1727289673379,162.65,50.0
1727289673379,162.65,7.0
1727289673403,162.65,1.0
1727289673550,162.6401,5.0
1727289673853,162.66,1.0
1727289673853,162.66,19.0
1727289673853,162.66,70.0
1727289673853,162.66,100.0
1727289673853,162.66,23.0
1727289673853,162.66,330.0
1727289673855,162.66,1.0
1727289673855,162.65,1.0
1727289673857,162.66,9.0
1727289673855,162.65,99.0
1727289673992,162.66,20.0
1727289673993,162.66,1.0
1727289673993,162.65,100.0
1727289673993,162.65,300.0
1727289673993,162.65,10.0
1727289673999,162.65,1.0
1727289674014,162.65,20.0
1727289674014,162.65,10.0
1727289674214,162.6401,400.0
1727289674248,162.6501,28.0
1727289674649,162.655,10.0
1727289674937,162.66,10.0
1727289674937,162.65,20.0
1727289674937,162.65,10.0
1727289675013,162.66,9.0
1727289675059,162.67,1.0
1727289674941,162.645,15.0
1727289674943,162.65,100.0
1727289674945,162.655,30.0
1727289675386,162.6541,1.0
1727289675442,162.67,1.0
1727289675551,162.6593,61.0
1727289675580,162.398,1.0
1727289675608,162.65,20.0
1727289675608,162.65,10.0
1727289675608,162.65,100.0
1727289675608,162.65,10.0
1727289675608,162.65,120.0
1727289675608,162.65,126.0
1727289675615,162.65,100.0
1727289676187,162.6516,1.0
1727289676125,162.65,10.0
1727289676257,162.65,1500.0
1727289676731,162.65,19.0
1727289677118,162.5821,2.0
1727289677122,162.6425,2.0
1727289676781,162.65,20.0
1727289676786,162.65,50.0
1727289676928,162.6475,200.0
1727289677269,162.5822,1.0
1727289677274,162.65,1.0
1727289677419,162.6426,300.0
1727289677836,162.65,1.0
1727289677836,162.65,99.0
1727289678018,162.64,1000.0
1727289679273,162.6425,1.0
1727289678629,162.6417,500.0
1727289678843,162.4808,1.0
1727289678843,162.65,1.0
1727289678933,162.454,100.0
1727289678933,162.454,100.0
1727289678945,162.454,100.0
1727289678996,162.6401,1.0
1727289679701,162.6556,140.0
1727289679855,162.65,10.0
1727289679856,162.65,100.0
1727289679856,162.65,10.0
1727289679856,162.65,86.0
1727289679856,162.65,1.0
1727289679856,162.65,116.0
1727289679856,162.65,10.0
1727289679856,162.65,5.0
1727289679856,162.65,23.0
1727289679858,162.65,35.0
1727289679872,162.65,10.0
1727289679872,162.65,147.0
1727289679872,162.65,80.0
1727289679872,162.64,169.0
1727289679901,162.66,5.0
1727289679901,162.66,1.0
1727289679901,162.66,29.0
1727289679901,162.66,571.0
1727289679901,162.66,200.0
1727289679902,162.66,10.0
1727289679902,162.66,10.0
1727289679902,162.66,50.0
1727289679911,162.66,50.0
1727289681659,162.655,100.0
1727289682436,162.5864,7.0
1727289682748,162.66,158.0
1727289682303,162.66,5.0
1727289682303,162.66,50.0
1727289682303,162.66,10.0
1727289682303,162.66,50.0
1727289682307,162.6693,285.0
1727289682323,162.665,100.0
1727289744736,162.64,40.0
1727289744749,162.6434,12.0
1727289744964,162.63,100.0
1727289745696,162.64,5.0
1727289745701,162.64,200.0
1727289745754,162.6248,9.0
1727289745801,162.635,100.0
1727289745855,162.64,1.0
1727289745942,162.6212,1.0
1727289746001,162.63,200.0
1727289746084,162.63,1.0
1727289746528,162.63,10.0
1727289746853,162.635,100.0
1727289747193,162.64,2.0
1727289747456,162.64,4.0
1727289747456,162.64,79.0
1727289747457,162.65,3.0
1727289747457,162.65,100.0
1727289747457,162.65,8.0
1727289747457,162.65,6.0
1727289747458,162.65,8.0
1727289747458,162.65,92.0
1727289747458,162.65,200.0
1727289747458,162.645,234.0
1727289747459,162.645,48.0
1727289747459,162.65,100.0
1727289747459,162.65,50.0
1727289747459,162.64,100.0
1727289747459,162.64,100.0
1727289747459,162.64,100.0
1727289747459,162.64,10.0
1727289747459,162.64,100.0
1727289747459,162.64,50.0
1727289747459,162.64,100.0
1727289747459,162.65,50.0
1727289747459,162.645,1.0
1727289747478,162.62,25.0
1727289747478,162.62,75.0
1727289747478,162.62,25.0
1727289747478,162.63,19.0
1727289747493,162.62,25.0
1727289747502,162.62,25.0
1727289747503,162.62,50.0
1727289747507,162.62,25.0
1727289747507,162.61,30.0
1727289747512,162.62,181.0
1727289747522,162.64,200.0
1727289747560,162.62,5.0
1727289748010,162.62,1.0
1727289748068,162.6064,100.0
1727289748269,162.62,12.0
1727289748269,162.62,1.0
1727289748269,162.62,1.0
1727289748436,162.62,25.0
1727289748669,162.62,30.0
1727289748669,162.62,50.0
1727289748669,162.62,100.0
1727289748919,162.6198,8.0
1727289749119,162.62,2.0
1727289749296,162.62,206.0
1727289749726,162.618,30.0
1727289749738,162.6127,222.0
1727289749745,162.6277,1.0
1727289750043,162.62,20.0
1727289750512,162.6278,1.0
1727289750634,162.63,79.0
1727289750982,162.6301,5.0
1727289751141,162.6313,1800.0
1727289751259,162.65,57.0
1727289751259,162.65,8.0
1727289751259,162.65,200.0
1727289751259,162.65,8.0
1727289751259,162.65,10.0
1727289751259,162.65,200.0
1727289751259,162.65,8.0
1727289751259,162.65,110.0
1727289751259,162.65,50.0
1727289751260,162.64,50.0
1727289751260,162.64,50.0
1727289751260,162.65,49.0
1727289751260,162.65,10.0
1727289751260,162.64,8.0
1727289751260,162.64,1.0
1727289751261,162.65,8.0
1727289751261,162.65,1.0
1727289751261,162.65,191.0
1727289751261,162.65,100.0
1727289751261,162.65,4.0
1727289751262,162.65,50.0
1727289751262,162.65,100.0
1727289751262,162.65,100.0
1727289751262,162.65,10.0
1727289751262,162.65,90.0
1727289751262,162.65,100.0
1727289751262,162.65,22.0
1727289751263,162.65,1608.0
1727289751266,162.65,687.0
1727289751278,162.65,181.0
1727289751815,162.65,5.0
1727289751819,162.65,8.0
1727289751819,162.65,50.0
1727289751819,162.65,42.0
1727289751819,162.65,41.0
1727289751819,162.65,50.0
1727289751819,162.65,1.0
1727289751819,162.65,100.0
1727289751853,162.6346,500.0
1727289751936,162.64,100.0
1727289752098,162.63,10.0
1727289752098,162.63,100.0
1727289752098,162.63,100.0
1727289752098,162.63,100.0
1727289752098,162.63,100.0
1727289752098,162.63,100.0
1727289752098,162.63,10.0
1727289752098,162.63,90.0
1727289752098,162.63,10.0
1727289752099,162.63,100.0
1727289752099,162.63,100.0
1727289752099,162.63,50.0
1727289752099,162.63,100.0
1727289752099,162.63,3.0
1727289752099,162.63,100.0
1727289752099,162.63,100.0
1727289752099,162.63,90.0
1727289752099,162.63,3.0
1727289752099,162.63,97.0
1727289752099,162.63,3.0
1727289752099,162.63,100.0
1727289752123,162.625,1.0
1727289752127,162.63,77.0
1727289752049,162.648,132.0
1727289752268,162.6288,29.0
1727289752076,162.64,25.0
1727289752381,162.6289,100.0
1727289752077,162.64,21.0
1727289752077,162.64,1.0
1727289752489,162.625,1.0
1727289752489,162.625,29.0
1727289752490,162.625,70.0
1727289752504,162.6291,182.0
1727289753215,162.6224,300.0
1727289753652,162.61,202.0
1727289753672,162.6192,1.0
1727289753673,162.6116,200.0
1727289753377,162.62,100.0
1727289753377,162.62,2.0
1727289753377,162.62,14.0
1727289753377,162.62,2.0
1727289753378,162.62,14.0
1727289753378,162.62,10.0
1727289753409,162.62,1.0
1727289753714,162.61,1000.0
1727289753725,162.62,54.0
1727289753743,162.615,154.0
1727289753949,162.6,200.0
1727289753956,162.6001,1.0
1727289753994,162.62,19.0
1727289754487,162.61,3.0
1727289755076,162.62,10.0
1727289755661,162.6252,56.0
1727289755879,162.6299,14.0
1727289756595,162.62,100.0
1727289756125,162.62,13.0
1727289756609,162.62,18.0
1727289756627,162.64,150.0
1727289756714,162.64,10.0
1727289757071,162.635,25.0
1727289757833,162.63,50.0
1727289757706,162.625,15.0
1727289757709,162.5151,100.0
1727289758553,162.63,100.0
1727289758721,162.63,46.0
1727289758721,162.63,100.0
1727289759106,162.635,9.0
1727289759262,162.635,1.0
1727289759890,162.64,12.0
1727289760093,162.64,200.0
1727289760200,162.64,30.0
1727289760640,162.64,46.0
1727289760824,162.6301,400.0
1727289760846,162.64,2.0
1727289760846,162.64,81.0
1727289760847,162.64,7.0
1727289760847,162.63,30.0
1727289760847,162.63,7.0
1727289760847,162.63,4.0
1727289760847,162.63,100.0
1727289760995,162.62,1.0
1727289760995,162.62,100.0
1727289760995,162.62,10.0
1727289761213,162.61,2.0
1727289761216,162.6001,5.0
1727289761301,162.61,28.0
1727289761835,162.62,100.0
1727289762667,162.62,80.0
1727289762809,162.6247,138.0
1727289762986,162.625,100.0
1727289763350,162.625,1.0
1727289763591,162.625,5.0
1727289764293,162.625,5.0
1727289764058,162.625,3.0
1727289765788,162.63,24.0
1727289766139,162.62,58.0
1727289766140,162.62,10.0
1727289766993,162.62,5.0
1727289766993,162.62,20.0
1727289767002,162.62,1.0
1727289767568,162.626,1.0
1727289767691,162.63,93.0
1727289767692,162.63,55.0
1727289767692,162.63,90.0
1727289767692,162.63,1.0
1727289767693,162.63,10.0
1727289767693,162.63,2.0
1727289767693,162.63,1.0
1727289767707,162.64,200.0
1727289767708,162.6279,51.0
1727289767709,162.64,2.0
1727289767709,162.64,100.0
1727289767709,162.6399,100.0
1727289767710,162.6495,100.0
1727289767722,162.65,1.0
1727289767723,162.65,400.0
1727289767723,162.65,300.0
1727289767724,162.65,1.0
1727289767724,162.65,318.0
1727289767724,162.6479,50.0
1727289767727,162.65,100.0
1727289767727,162.65,24.0
1727289767727,162.65,50.0
1727289767727,162.65,3.0
1727289767735,162.63,1.0
1727289767736,162.65,200.0
1727289767737,162.65,108.0
1727289767738,162.65,100.0
1727289767738,162.65,100.0
1727289767738,162.64,11.0
1727289767738,162.65,57.0
1727289767738,162.65,10.0
1727289767738,162.64,100.0
1727289767747,162.65,1.0
1727289767752,162.65,100.0
1727289767753,162.65,100.0
1727289767754,162.65,100.0
1727289767754,162.65,57.0
1727289767754,162.65,108.0
1727289767754,162.65,100.0
1727289767754,162.65,11.0
1727289767754,162.65,100.0
1727289767754,162.64,3.0
1727289767754,162.64,100.0
