timestamp(ms since Epoch),last price,volume
1727288867956,192.56,2.0
1727288869210,192.5666,4.0
1727288869213,192.56,1.0
1727288869604,192.5425,10.0
1727288870288,192.565,1000.0
1727288870624,192.5663,7.0
1727288870738,192.57,2.0
1727288870752,192.5426,5.0
1727288870918,192.565,11.0
1727288871194,192.57,41.0
1727288871195,192.57,10.0
1727288871381,192.565,1.0
1727288871485,192.565,30.0
1727288871987,192.57,6.0
1727288871987,192.57,5.0
1727288872021,192.57,15.0
1727288872021,192.57,41.0
1727288872021,192.57,5.0
1727288872021,192.57,8.0
1727288872021,192.57,2.0
1727288872021,192.57,30.0
1727288872021,192.57,52.0
1727288872021,192.57,37.0
1727288872021,192.57,14.0
1727288872021,192.57,86.0
1727288872024,192.58,10.0
1727288872250,192.58,3.0
1727288872250,192.58,40.0
1727288872251,192.58,20.0
1727288872591,192.59,100.0
1727288872717,192.59,6.0
1727288873293,192.62,50.0
1727288873293,192.62,10.0
1727288873293,192.61,46.0
1727288873293,192.62,100.0
1727288873293,192.62,94.0
1727288873293,192.61,30.0
1727288873293,192.61,70.0
1727288873294,192.5697,50.0
1727288873300,192.62,20.0
1727288873301,192.6199,168.0
1727288872902,192.588,200.0
1727288872933,192.59,1.0
1727288872933,192.59,5.0
1727288872933,192.59,5.0
1727288872933,192.59,46.0
1727288872933,192.59,30.0
1727288872933,192.59,35.0
1727288872959,192.6,7.0
1727288873102,192.61,13.0
1727288873102,192.61,41.0
1727288873103,192.61,9.0
1727288873103,192.61,1.0
1727288873442,192.61,100.0
1727288873442,192.61,20.0
1727288873442,192.61,80.0
1727288873442,192.61,10.0
1727288873443,192.61,1.0
1727288873443,192.61,21.0
1727288873539,192.6099,1.0
1727288873919,192.6,3.0
1727288873936,192.5394,100.0
1727288874474,192.602,5.0
1727288874478,192.59,1.0
1727288874483,192.5924,1.0
1727288874594,192.545,19.0
1727288874699,192.594,1.0
1727288874821,192.6,6.0
1727288874875,192.602,100.0
1727288875409,192.606,7.0
1727288875198,192.61,3.0
1727288875646,192.6,100.0
1727288875677,192.5901,1950.0
1727288875677,192.5975,53.0
1727288876062,192.6,75.0
1727288876108,192.5924,1.0
1727288876202,192.59,2.0
1727288876975,192.595,1.0
1727288877170,192.5907,140.0
1727288877272,192.6,1.0
1727288877801,192.6099,1.0
1727288878109,192.6016,1.0
1727288878231,192.6,10.0
1727288878234,192.6,10.0
1727288878261,192.6036,600.0
1727288878398,192.6099,1.0
1727288878415,192.6,100.0
1727288878774,192.5912,1.0
1727288879509,192.6,50.0
1727288879579,192.6,34.0
1727288879579,192.6,20.0
1727288879582,192.61,14.0
1727288879582,192.61,1.0
1727288879582,192.615,26.0
1727288879582,192.61,74.0
1727288879582,192.61,25.0
1727288879582,192.61,26.0
1727288879582,192.61,11.0
1727288879189,192.6069,1.0
1727288879668,192.545,100.0
1727288879793,192.5912,1.0
1727288879824,192.551,5.0
1727288879833,192.608,96.0
1727288880081,192.605,24.0
1727288880131,192.61,16.0
1727288880131,192.61,20.0
1727288880705,192.61,25.0
1727288880705,192.62,70.0
1727288880706,192.62,5.0
1727288880848,192.6174,110.0
1727288880916,192.62,100.0
1727288880858,192.62,82.0
1727288880874,192.62,100.0
1727288881115,192.61,100.0
1727288881115,192.61,10.0
1727288881115,192.61,10.0
1727288881115,192.61,100.0
1727288881158,192.605,24.0
1727288881362,192.6001,10.0
1727288881556,192.605,2.0
1727288881652,192.6,100.0
1727288881652,192.6,70.0
1727288881652,192.6,30.0
1727288881652,192.6,1.0
1727288881653,192.6,5.0
1727288881653,192.6,3.0
1727288881653,192.6,200.0
1727288881653,192.6,94.0
1727288881653,192.6,6.0
1727288881654,192.6065,50.0
1727288881726,192.5476,4.0
1727288881726,192.5476,4.0
1727288881726,192.5476,4.0
1727288881727,192.5476,4.0
1727288882072,192.61,4.0
1727288882183,192.61,7.0
1727288882190,192.5557,1.0
1727288882676,192.62,2.0
1727288882769,192.6078,11.0
1727288882971,192.61,40.0
1727288883124,192.62,3.0
1727288883193,192.63,11.0
1727288884034,192.63,21.0
1727288884203,192.62,100.0
1727288884453,192.625,100.0
1727288884459,192.621,72.0
1727288884473,192.62,5.0
1727288884555,192.62,15.0
1727288884630,192.6285,1.0
1727288884673,192.62,4.0
1727288884783,192.6201,62.0
1727288884784,192.625,50.0
1727288884895,192.6285,1.0
1727288884920,192.625,100.0
1727288885031,192.62,200.0
1727288885080,192.625,7.0
1727288885542,192.6212,50.0
1727288885859,192.5485,4.0
1727288885968,192.628,50.0
1727288885983,192.6212,23.0
1727288886425,192.6212,1.0
1727288887361,192.6299,2.0
1727288887364,192.63,4.0
1727288887364,192.63,6.0
1727288887364,192.63,45.0
1727288887364,192.63,100.0
1727288887364,192.63,15.0
1727288887364,192.63,50.0
1727288887367,192.64,9.0
1727288887371,192.65,300.0
1727288887384,192.63,2.0
1727288887384,192.64,12.0
1727288887384,192.64,1.0
1727288887385,192.64,32.0
1727288887399,192.64,10.0
1727288887399,192.64,6.0
1727288887400,192.64,2.0
1727288887404,192.64,3.0
1727288887416,192.65,2.0
1727288887416,192.65,14.0
1727288887432,192.64,42.0
1727288887446,192.6212,1.0
1727288888246,192.64,11.0
1727288887956,192.64,1.0
1727288888318,192.64,4.0
1727288888327,192.63,100.0
1727288888327,192.63,20.0
1727288888327,192.63,100.0
1727288888779,192.6469,5.0
1727288888972,192.64,1.0
1727288889542,192.6301,400.0
1727288889669,192.6453,335.0
1727288889730,192.63,5.0
1727288889735,192.63,10.0
1727288890171,192.64,49.0
1727288890498,192.64,4.0
1727288890705,192.64,1.0
1727288891124,192.64,100.0
1727288891507,192.63,100.0
1727288891507,192.64,1.0
1727288891525,192.64,9.0
1727288891583,192.6,18000.0
1727288891871,192.6495,22.0
1727288891468,192.6302,1000.0
1727288892027,192.6327,50.0
1727288892420,192.64,17.0
1727288892431,192.6327,2.0
1727288892682,192.63,1.0
1727288893064,192.638,1.0
1727288893248,192.63,1.0
1727288893554,192.635,100.0
1727288893556,192.64,29.0
1727288893592,192.63,10.0
1727288893592,192.63,10.0
1727288893782,192.6326,12.0
1727288893864,192.63,2.0
1727288893869,192.63,1.0
1727288894145,192.5519,10.0
1727288894805,192.65,100.0
1727288894806,192.65,1.0
1727288894806,192.65,10.0
1727288894806,192.65,100.0
1727288894806,192.65,100.0
1727288894806,192.65,100.0
1727288894806,192.65,20.0
1727288894806,192.65,12.0
1727288894806,192.65,4.0
1727288894806,192.66,100.0
1727288894806,192.66,84.0
1727288894806,192.66,50.0
1727288894806,192.66,100.0
1727288894806,192.66,350.0
1727288894751,192.64,50.0
1727288894805,192.64,39.0
1727288894806,192.65,80.0
1727288894806,192.65,100.0
1727288894806,192.65,80.0
1727288894806,192.66,100.0
1727288894806,192.66,46.0
1727288894806,192.66,25.0
1727288894806,192.66,200.0
1727288894808,192.65,80.0
1727288894810,192.65,10.0
1727288894814,192.66,100.0
1727288894814,192.66,100.0
1727288894814,192.66,7.0
1727288894814,192.66,5.0
1727288894815,192.66,8.0
1727288894815,192.66,70.0
1727288894815,192.66,224.0
1727288894815,192.66,22.0
1727288894815,192.66,9.0
1727288894820,192.6586,170.0
1727288894820,192.659,10.0
1727288894844,192.66,12.0
1727288894844,192.66,88.0
1727288894844,192.66,31.0
1727288894844,192.66,9.0
1727288894844,192.66,238.0
1727288894845,192.67,195.0
1727288894876,192.65,1.0
1727288895168,192.66,5.0
1727288895390,192.6531,1.0
1727288895537,192.6677,300.0
1727288895780,192.66,55.0
1727288896060,192.67,20.0
1727288896252,192.66,6.0
1727288896273,192.65,1.0
1727288896419,192.6555,14.0
1727288896422,192.67,1.0
1727288896449,192.67,100.0
1727288896454,192.6595,24.0
1727288896457,192.65,1.0
1727288896812,192.66,24.0
1727288896812,192.66,50.0
1727288896813,192.66,26.0
1727288897541,192.65,3.0
1727288897637,192.6529,3.0
1727288898107,192.65,100.0
1727288898111,192.65,100.0
1727288898112,192.65,5.0
1727288898112,192.65,12.0
1727288898112,192.65,72.0
1727288898112,192.65,100.0
1727288898112,192.65,28.0
1727288898112,192.65,1.0
1727288898112,192.65,100.0
1727288898112,192.65,100.0
1727288898112,192.65,100.0
1727288898112,192.65,100.0
1727288898112,192.65,300.0
1727288898112,192.65,100.0
1727288898112,192.65,2.0
1727288898112,192.65,40.0
1727288898113,192.65,53.0
1727288898113,192.65,29.0
1727288898851,192.65,1.0
1727288898863,192.6469,1.0
1727288899007,192.6401,30.0
1727288899140,192.64,20.0
1727288899140,192.64,40.0
1727288899140,192.64,18.0
1727288899141,192.64,58.0
1727288899173,192.64,1.0
1727288901137,192.645,150.0
1727288901138,192.6506,50.0
1727288901148,192.64,17.0
1727288901148,192.64,10.0
1727288901162,192.63,14.0
1727288901162,192.63,60.0
1727288901310,192.635,16.0
1727288901424,192.63,250.0
1727288901614,192.63,1.0
1727288901852,192.63,18.0
1727288901852,192.63,100.0
1727288901852,192.63,5.0
1727288901852,192.63,1.0
1727288901852,192.63,10.0
1727288901852,192.63,100.0
1727288901852,192.63,200.0
1727288901852,192.63,11.0
1727288901852,192.63,4.0
1727288901852,192.63,100.0
1727288901852,192.63,200.0
1727288901852,192.63,73.0
1727288902680,192.625,7.0
1727288903198,192.5569,100.0
1727288904090,192.63,100.0
1727288904090,192.63,40.0
1727288904090,192.63,1.0
1727288904090,192.63,4.0
1727288904639,192.628,1.0
1727288904934,192.63,2.0
1727288904944,192.635,90.0
1727288904983,192.635,28.0
1727288905212,192.635,1.0
1727288905653,192.6301,99.0
1727288905855,192.5592,18.0
1727288905909,192.63,10.0
1727288905910,192.63,90.0
1727288906333,192.63,2.0
1727288906788,192.6355,55.0
1727288908794,192.63,10.0
1727288909414,192.63,31.0
1727288909551,192.625,10.0
1727288909895,192.63,5.0
1727288910098,192.6267,30.0
1727288910402,192.6288,1.0
1727288910649,192.625,1.0
1727288911187,192.6214,5.0
1727288911188,192.558,100.0
1727288911192,192.558,100.0
1727288911236,192.6213,485.0
1727288911422,192.6288,1.0
1727288911686,192.62,100.0
1727288912508,192.6286,2.0
1727288913273,192.625,6.0
1727288913885,192.625,15.0
1727288914864,192.6279,50.0
1727288914326,192.6295,5.0
1727288914585,192.625,1.0
1727288915132,192.62,50.0
1727288916081,192.625,2.0
1727288916388,192.62,1.0
1727288916388,192.62,3.0
1727288916388,192.62,200.0
1727288916388,192.62,2.0
1727288916388,192.62,100.0
1727288916388,192.62,25.0
1727288916388,192.62,69.0
1727288916388,192.62,31.0
1727288916388,192.62,100.0
1727288916388,192.62,100.0
1727288916391,192.625,12.0
1727288916392,192.625,27.0
1727288916399,192.62,200.0
1727288916399,192.62,15.0
1727288916399,192.62,90.0
1727288916401,192.62,3.0
1727288916842,192.611,30.0
1727288917030,192.6112,1.0
1727288917397,192.615,15.0
1727288918081,192.62,216.0
1727288918003,192.62,5.0
1727288918003,192.62,229.0
1727288918003,192.62,50.0
1727288918402,192.615,1.0
1727288918942,192.6199,1.0
1727288919000,192.6199,1.0
1727288919248,192.5632,10.0
1727288919253,192.613,47.0
1727288920251,192.615,2.0
1727288920252,192.6187,600.0
1727288920419,192.611,16.0
1727288920598,192.61,100.0
1727288920598,192.61,6.0
1727288920598,192.61,1.0
1727288920599,192.61,6.0
1727288920599,192.61,25.0
1727288920639,192.6,6.0
1727288920747,192.5785,5.0
1727288921324,192.605,18.0
1727288921325,192.605,41.0
1727288921619,192.6088,1.0
1727288921714,192.6099,5.0
1727288922236,192.6,1.0
1727288922532,192.6,100.0
1727288922935,192.605,1.0
1727288923126,192.6012,30.0
1727288923429,192.6012,69.0
1727288923647,192.6068,7.0
1727288923671,192.6,21.0
1727288923717,192.618,100.0
1727288923750,192.5573,100.0
1727288923884,192.6001,50.0
1727288924199,192.605,25.0
1727288924552,192.605,2.0
1727288924873,192.6,100.0
1727288926027,192.605,1.0
1727288926337,192.6099,4.0
1727288926571,192.6088,1.0
1727288986060,192.61,7.0
1727288986061,192.61,5.0
1727288986064,192.6091,10.0
1727288987153,192.618,1.0
1727288987548,192.6124,60.0
1727288987604,192.61,20.0
1727288987604,192.61,60.0
1727288987604,192.61,4.0
1727288987604,192.61,20.0
1727288987604,192.605,99.0
1727288987604,192.61,30.0
1727288987780,192.61,3.0
1727288987837,192.5572,100.0
1727288988204,192.61,5.0
1727288988205,192.62,5.0
1727288990236,192.6,98.0
1727288990236,192.6,100.0
1727288990236,192.6,39.0
1727288990236,192.6,25.0
1727288990237,192.6,50.0
1727288990237,192.6,52.0
1727288990450,192.61,5.0
1727288991493,192.6088,1.0
1727288992672,192.6048,25.0
1727288992986,192.6,1.0
1727288992986,192.6,27.0
1727288993024,192.6012,1.0
1727288993253,192.61,7.0
1727288993253,192.61,5.0
1727288993379,192.61,2.0
1727288993533,192.6088,1.0
1727288993634,192.61,35.0
1727288993634,192.61,1.0
1727288993860,192.615,100.0
1727288993884,192.615,100.0
1727288994022,192.615,5.0
1727288994040,192.62,100.0
1727288994040,192.62,10.0
1727288994041,192.62,120.0
1727288994041,192.615,9.0
1727288994041,192.615,43.0
1727288994041,192.615,57.0
1727288994041,192.62,150.0
1727288994041,192.62,48.0
1727288994041,192.62,165.0
1727288994041,192.62,2565.0
1727288994041,192.62,9.0
1727288994042,192.63,11.0
1727288994042,192.63,11.0
1727288994042,192.63,4.0
1727288994059,192.63,1.0
1727288994071,192.63,99.0
1727288994170,192.64,1.0
1727288994170,192.64,40.0
1727288994170,192.64,25.0
1727288994715,192.65,25.0
1727288994715,192.65,33.0
1727288994719,192.6485,112.0
1727288995127,192.64,1.0
1727288995632,192.64,2.0
1727288995862,192.645,4.0
1727288996487,192.64,51.0
1727288996490,192.65,1.0
1727288996743,192.65,100.0
1727288996678,192.65,14.0
1727288997067,192.645,1.0
1727288997216,192.65,1.0
1727288997478,192.64,1.0
1727288997596,192.648,200.0
1727288997596,192.6499,200.0
1727288997610,192.648,100.0
1727288998126,192.6488,1.0
1727288998212,192.65,13.0
1727288998212,192.65,1.0
1727288998212,192.65,43.0
1727288998212,192.65,20.0
1727288998212,192.65,24.0
1727288998212,192.65,25.0
1727288998212,192.65,14.0
1727288998212,192.65,25.0
1727288998212,192.65,100.0
1727288998213,192.65,1.0
1727288998313,192.65,100.0
1727288998313,192.65,100.0
1727288998313,192.65,1.0
1727288999152,192.65,100.0
1727288999152,192.65,10.0
1727288999152,192.65,44.0
1727288999153,192.65,100.0
1727288999153,192.65,20.0
1727288999957,192.65,100.0
1727288999455,192.645,1.0
1727288999554,192.65,20.0
1727288999620,192.65,43.0
1727288999620,192.65,57.0
1727288999631,192.65,47.0
1727288999639,192.65,40.0
1727288999650,192.645,7.0
1727288999679,192.65,30.0
1727288999796,192.65,17.0
1727288999797,192.65,180.0
1727288999798,192.66,1.0
1727288999803,192.6591,56.0
1727288999812,192.66,67.0
1727288999997,192.6401,98.0
1727289000085,192.66,40.0
1727289000218,192.66,1.0
1727289000420,192.66,10.0
1727289000423,192.66,10.0
1727289000464,192.655,1.0
1727289000480,192.6517,110.0
1727289000513,192.65,100.0
1727289000513,192.65,35.0
1727289000513,192.65,30.0
1727289000513,192.65,100.0
1727289000702,192.64,25.0
1727289000734,192.645,100.0
1727289000858,192.64,200.0
1727289000858,192.64,5.0
1727289000858,192.64,300.0
1727289000858,192.64,12.0
1727289000858,192.64,1.0
1727289000858,192.64,25.0
1727289000858,192.64,100.0
1727289000858,192.64,100.0
1727289000858,192.64,1.0
1727289000859,192.64,100.0
1727289000859,192.64,100.0
1727289000859,192.64,1.0
1727289000859,192.64,100.0
1727289000859,192.64,101.0
1727289000859,192.64,98.0
1727289000859,192.64,88.0
1727289000859,192.64,1.0
1727289000899,192.6325,2.0
1727289000909,192.6399,1.0
1727289000980,192.63,100.0
1727289001119,192.63,55.0
1727289001597,192.64,100.0
1727289001624,192.6367,6.0
1727289001734,192.6164,19.0
1727289001734,192.6164,6.0
1727289002075,192.6164,1.0
1727289002094,192.63,50.0
1727289002341,192.64,100.0
1727289002347,192.6333,25.0
1727289002365,192.5695,600.0
1727289002591,192.63,56.0
1727289002713,192.6295,30.0
1727289003041,192.6399,89.0
1727289003084,192.63,10.0
1727289003378,192.63,11.0
1727289003383,192.62,2.0
1727289003386,192.62,1.0
1727289004002,192.62,2.0
1727289004002,192.63,25.0
1727289004209,192.6166,11.0
1727289004573,192.635,11.0
1727289004893,192.6069,1.0
1727289005044,192.64,1.0
1727289005413,192.6301,1000.0
1727289005577,192.64,100.0
1727289005577,192.64,4.0
1727289005577,192.64,100.0
1727289005577,192.64,100.0
1727289005577,192.64,63.0
1727289005578,192.635,100.0
1727289005704,192.635,1.0
1727289005975,192.6327,125.0
1727289006124,192.64,175.0
1727289007093,192.63,100.0
1727289007094,192.63,5.0
1727289007094,192.63,220.0
1727289007094,192.63,40.0
1727289007094,192.635,100.0
1727289007094,192.63,4.0
1727289007094,192.63,100.0
1727289007095,192.63,60.0
1727289007095,192.63,25.0
1727289007095,192.63,25.0
1727289007095,192.63,25.0
1727289007095,192.63,25.0
1727289007095,192.63,100.0
1727289007095,192.63,3.0
1727289007172,192.625,52.0
1727289007308,192.63,50.0
1727289006804,192.635,1.0
1727289006810,192.64,75.0
1727289007040,192.635,1.0
1727289008102,192.625,1.0
1727289008324,192.6288,1.0
1727289007582,192.63,26.0
1727289008570,192.625,1.0
1727289007885,192.625,20.0
1727289008798,192.561,22.0
1727289008836,192.62,5.0
1727289009001,192.62,5.0
1727289009977,192.625,50.0
1727289009109,192.625,1.0
1727289009146,192.62,5.0
1727289010222,192.63,2.0
1727289010222,192.63,45.0
1727289010389,192.63,1.0
1727289010410,192.6301,7.0
1727289010505,192.635,1.0
1727289010967,192.6395,500.0
1727289011051,192.5746,14.0
1727289011217,192.635,364.0
1727289011402,192.5614,5.0
1727289011405,192.5614,3.0
1727289011546,192.5614,100.0
1727289011585,192.635,32.0
1727289012476,192.6336,10.0
1727289012610,192.6389,2.0
1727289013552,192.63,5.0
1727289013737,192.63,5.0
1727289013764,192.635,3.0
1727289014162,192.635,1.0
1727289013902,192.63,5.0
1727289014462,192.6312,1.0
1727289014648,192.6399,10.0
1727289015170,192.635,25.0
1727289015172,192.635,25.0
1727289015190,192.635,40.0
1727289015205,192.64,1.0
1727289015512,192.63,20.0
1727289015512,192.63,73.0
1727289015512,192.635,60.0
1727289015512,192.63,7.0
1727289015512,192.63,100.0
1727289015512,192.63,90.0
1727289015512,192.63,10.0
1727289015512,192.63,11.0
1727289015512,192.63,100.0
1727289015513,192.635,38.0
1727289015513,192.635,2.0
1727289015513,192.63,33.0
1727289015513,192.63,2.0
1727289015513,192.63,2.0
1727289015513,192.63,3.0
1727289015513,192.63,4.0
1727289015513,192.63,10.0
1727289015513,192.63,36.0
1727289015513,192.63,2.0
1727289015515,192.63,14.0
1727289015545,192.6289,11.0
1727289015856,192.63,5.0
1727289015957,192.6299,1.0
1727289015967,192.6201,26.0
1727289016105,192.625,1.0
1727289016181,192.625,10.0
1727289016269,192.6299,1.0
1727289016314,192.6215,218.0
1727289016563,192.62,51.0
1727289016736,192.6218,100.0
1727289018043,192.625,10.0
1727289018659,192.623,63.0
1727289018709,192.6299,10.0
1727289019345,192.6212,10.0
1727289019883,192.62,2.0
1727289019883,192.62,1.0
1727289019883,192.62,5.0
1727289019883,192.62,10.0
1727289019883,192.62,10.0
1727289019883,192.62,23.0
1727289019883,192.62,77.0
1727289019883,192.62,100.0
1727289019883,192.62,100.0
1727289019883,192.62,6.0
1727289019883,192.62,100.0
1727289019883,192.625,100.0
1727289019883,192.62,10.0
1727289019883,192.62,23.0
1727289019884,192.62,77.0
1727289019884,192.62,100.0
1727289019884,192.62,51.0
1727289019884,192.62,49.0
1727289019884,192.62,8.0
1727289019884,192.62,2.0
1727289019884,192.615,1.0
1727289019888,192.615,2.0
1727289019890,192.615,120.0
1727289020090,192.62,100.0
1727289020090,192.62,39.0
1727289020091,192.62,1.0
1727289020147,192.6114,5.0
1727289020560,192.6212,1.0
1727289020225,192.63,2.0
1727289020351,192.624,50.0
1727289020807,192.621,4.0
1727289020917,192.625,3.0
1727289020917,192.625,25.0
1727289020918,192.625,25.0
1727289021548,192.625,2.0
1727289021558,192.62,98.0
1727289021936,192.625,25.0
1727289021837,192.6235,5.0
1727289022292,192.6107,1.0
1727289022544,192.6107,4.0
1727289022704,192.6299,1.0
1727289023022,192.62,4.0
1727289023022,192.62,40.0
1727289023022,192.62,100.0
1727289023023,192.62,100.0
1727289023023,192.62,10.0
1727289023023,192.62,40.0
1727289023318,192.62,1300.0
1727289023319,192.62,100.0
1727289023351,192.615,1.0
1727289023354,192.61,1.0
1727289023354,192.61,19.0
1727289024084,192.615,1.0
1727289023704,192.615,1.0
1727289023717,192.612,1.0
1727289024288,192.62,48.0
1727289024289,192.62,1.0
1727289024289,192.615,10.0
1727289024491,192.63,13.0
1727289024491,192.63,1.0
1727289024491,192.63,1.0
1727289024491,192.63,85.0
1727289024491,192.63,400.0
1727289024491,192.63,15.0
1727289024491,192.63,40.0
1727289024491,192.63,55.0
1727289024491,192.63,10.0
1727289024491,192.63,35.0
1727289024491,192.63,100.0
1727289024491,192.63,36.0
1727289024492,192.63,33.0
1727289024492,192.63,1.0
1727289024492,192.63,19.0
1727289024496,192.63,9.0
1727289024496,192.64,2.0
1727289024509,192.6491,30.0
1727289024577,192.65,100.0
1727289024577,192.65,46.0
1727289024577,192.65,3.0
1727289024639,192.6188,1.0
1727289024776,192.66,100.0
1727289024776,192.65,100.0
1727289024776,192.65,10.0
1727289024776,192.65,100.0
1727289024776,192.65,100.0
1727289024776,192.65,100.0
1727289024776,192.65,10.0
1727289025407,192.65,43.0
1727289025407,192.65,100.0
1727289025659,192.6588,1.0
1727289026169,192.6412,1.0
1727289026687,192.6542,500.0
1727289026703,192.625,2.0
1727289027189,192.6412,1.0
1727289027703,192.64,100.0
1727289027703,192.64,1.0
1727289027703,192.64,20.0
1727289027703,192.64,20.0
1727289027703,192.64,100.0
1727289027703,192.64,18.0
1727289028447,192.63,1.0
1727289029727,192.635,37.0
1727289030801,192.635,17.0
1727289030984,192.64,5.0
1727289030984,192.63,2.0
1727289030984,192.63,20.0
1727289030984,192.63,100.0
1727289030985,192.63,1.0
1727289030985,192.63,20.0
1727289030985,192.63,1.0
1727289030985,192.63,25.0
1727289030985,192.63,18.0
1727289030985,192.63,21.0
1727289030985,192.63,100.0
1727289030985,192.63,10.0
1727289030985,192.63,25.0
1727289030987,192.63,13.0
1727289030987,192.63,6.0
1727289030987,192.63,49.0
1727289030987,192.63,32.0
1727289031115,192.63,5.0
1727289031160,192.63,85.0
1727289031838,192.625,4.0
1727289031972,192.625,1.0
1727289032288,192.6212,1.0
1727289032825,192.629,7.0
1727289033236,192.624,6.0
1727289033307,192.6212,1.0
1727289033447,192.625,158.0
1727289034773,192.6209,17.0
1727289035412,192.624,3.0
1727289035698,192.625,1.0
1727289035852,192.625,1.0
1727289035746,192.6295,2.0
1727289035465,192.6201,1.0
1727289035135,192.6132,4.0
1727289036173,192.62,6.0
1727289036173,192.62,100.0
1727289036173,192.62,2.0
1727289036173,192.62,100.0
1727289036173,192.62,18.0
1727289036173,192.62,50.0
1727289036173,192.62,100.0
1727289037116,192.615,1.0
1727289037688,192.615,1.0
1727289037849,192.615,17.0
1727289038212,192.615,60.0
1727289038212,192.615,23.0
1727289038215,192.6103,77.0
1727289039049,192.615,100.0
1727289039254,192.613,20.0
1727289039929,192.6114,300.0
1727289039931,192.61,7.0
1727289039668,192.61,100.0
1727289039989,192.6172,100.0
1727289039745,192.6188,1.0
1727289041112,192.6113,1.0
1727289041304,192.615,1.0
1727289041328,192.6129,1.0
1727289041627,192.62,50.0
1727289043949,192.62,1.0
1727289043950,192.62,7.0
1727289043964,192.62,3.0
1727289043994,192.62,1.0
1727289043996,192.62,1.0
1727289044030,192.62,43.0
1727289044030,192.62,10.0
1727289044030,192.62,189.0
1727289044030,192.62,111.0
1727289044030,192.62,1.0
1727289044030,192.62,1.0
1727289044030,192.62,16.0
1727289044030,192.62,140.0
1727289044030,192.62,100.0
1727289044030,192.62,183.0
1727289044030,192.62,10.0
1727289044030,192.62,33.0
1727289044031,192.62,100.0
1727289044031,192.62,49.0
1727289044031,192.62,1.0
1727289044032,192.625,2.0
1727289044032,192.625,1.0
1727289044037,192.62,3.0
1727289044037,192.62,5.0
1727289044037,192.62,9.0
1727289044039,192.63,4.0
1727289044123,192.6289,11.0
1727289044351,192.625,5.0
1727289044147,192.625,10.0
1727289044158,192.626,2.0
1727289045339,192.63,15.0
1727289045360,192.62,5.0
1727289049308,192.63,1.0
1727289049624,192.6288,1.0
1727289106522,192.63,1.0
1727289107445,192.63,150.0
1727289108363,192.62,5.0
1727289108445,192.621,4.0
1727289108666,192.63,10.0
1727289108666,192.63,2.0
1727289108721,192.6273,41.0
1727289110025,192.64,25.0
1727289110025,192.64,7.0
1727289110607,192.645,57.0
1727289110608,192.64,57.0
1727289110628,192.645,43.0
1727289110629,192.64,43.0
1727289110363,192.645,250.0
1727289111544,192.65,7.0
1727289111601,192.65,39.0
1727289112023,192.65,1.0
1727289112680,192.6421,10.0
1727289112547,192.65,9.0
1727289112607,192.6489,10.0
1727289113007,192.645,100.0
1727289113467,192.64,11.0
1727289114778,192.645,1000.0
1727289114361,192.6411,66.0
1727289114844,192.6401,9.0
1727289114851,192.64,1.0
1727289115138,192.65,4.0
1727289115413,192.6412,1.0
1727289115969,192.645,5.0
1727289116065,192.64,93.0
1727289116065,192.64,100.0
1727289116065,192.64,3.0
1727289116065,192.64,97.0
1727289116065,192.64,10.0
1727289116066,192.64,200.0
1727289116091,192.64,14.0
1727289116094,192.63,1.0
1727289116109,192.645,1.0
1727289116521,192.6304,100.0
1727289116530,192.631,2.0
1727289116590,192.635,100.0
1727289116702,192.6104,110.0
1727289117313,192.6385,283.0
1727289117597,192.6438,8.0
1727289118474,192.6312,1.0
1727289118621,192.6358,1.0
1727289118706,192.635,3.0
1727289118730,192.6311,6.0
1727289119301,192.635,1.0
1727289119616,192.63,20.0
1727289119616,192.63,6.0
1727289119616,192.63,32.0
1727289119616,192.63,17.0
1727289119617,192.63,100.0
1727289119618,192.635,57.0
1727289119616,192.63,25.0
1727289119709,192.636,100.0
1727289119710,192.6236,50.0
1727289119903,192.635,100.0
1727289119904,192.6237,50.0
1727289120118,192.6223,32.0
1727289120471,192.64,8.0
1727289120737,192.63,100.0
1727289120737,192.63,23.0
1727289120906,192.635,1.0
1727289121405,192.6341,50.0
1727289121534,192.6388,1.0
1727289121620,192.63,758.0
1727289121735,192.6432,5.0
1727289121735,192.6432,4.0
1727289121860,192.635,12.0
1727289122076,192.6432,1.0
1727289122253,192.63,15.0
1727289122309,192.6312,2.0
1727289122554,192.6388,1.0
1727289122756,192.64,1.0
1727289122891,192.64,200.0
1727289123581,192.635,70.0
1727289123598,192.6307,1.0
1727289123797,192.63,168.0
1727289123797,192.63,1.0
1727289123797,192.63,2.0
1727289123797,192.63,200.0
1727289123797,192.63,32.0
1727289123797,192.63,100.0
1727289123797,192.63,7.0
1727289123797,192.63,93.0
1727289123797,192.63,55.0
1727289123797,192.63,6.0
1727289123798,192.635,100.0
1727289123798,192.635,2.0
1727289123851,192.635,100.0
1727289123929,192.635,100.0
1727289123929,192.6369,50.0
1727289124210,192.643,5.0
1727289124239,192.635,30.0
1727289124562,192.63,3.0
1727289124990,192.63,1.0
1727289125075,192.635,10.0
1727289125314,192.6301,1.0
1727289125616,192.6388,1.0
1727289125804,192.635,1.0
1727289125804,192.632,5.0
1727289126077,192.64,1.0
1727289126077,192.64,41.0
1727289126077,192.64,3.0
1727289126077,192.64,49.0
1727289126077,192.64,100.0
1727289126077,192.64,1.0
1727289126077,192.64,3.0
1727289126077,192.64,100.0
1727289126077,192.64,53.0
1727289126077,192.64,30.0
1727289126077,192.64,117.0
1727289126078,192.64,10.0
1727289126078,192.64,170.0
1727289126078,192.64,102.0
1727289126078,192.64,1.0
1727289126078,192.64,59.0
1727289126078,192.64,3.0
1727289126078,192.64,57.0
1727289126078,192.64,597.0
1727289126078,192.65,91.0
1727289126078,192.65,2.0
1727289126078,192.65,3.0
1727289126078,192.65,100.0
1727289126078,192.65,50.0
1727289126078,192.65,36.0
1727289126078,192.65,100.0
1727289126078,192.64,1.0
1727289126079,192.65,100.0
1727289126079,192.65,50.0
1727289126082,192.65,10.0
1727289126527,192.67,100.0
1727289126188,192.66,100.0
1727289126636,192.6788,1.0
1727289126468,192.66,1.0
1727289126468,192.66,44.0
1727289126468,192.66,50.0
1727289126468,192.66,50.0
1727289126468,192.66,50.0
1727289126468,192.66,100.0
1727289127606,192.6799,11.0
1727289127819,192.6635,100.0
1727289128205,192.67,1.0
1727289128257,192.66,100.0
1727289128257,192.66,400.0
1727289128257,192.665,100.0
1727289128257,192.66,10.0
1727289128258,192.66,47.0
1727289128259,192.655,115.0
1727289128676,192.6512,1.0
1727289128679,192.6669,1.0
1727289128955,192.66,1.0
1727289129399,192.655,67.0
1727289129599,192.6599,1.0
1727289130442,192.63,1.0
1727289129841,192.655,100.0
1727289130396,192.63,60.0
1727289130045,192.65,22.0
1727289130046,192.655,16.0
1727289130046,192.655,15.0
1727289130046,192.65,27.0
1727289130417,192.5757,17.0
1727289130049,192.655,16.0
1727289130278,192.655,1.0
1727289130290,192.655,1.0
1727289130338,192.65,78.0
1727289130338,192.65,55.0
1727289130338,192.65,69.0
1727289130338,192.65,131.0
1727289130338,192.65,100.0
1727289130338,192.65,15.0
1727289130338,192.65,100.0
1727289130338,192.65,3.0
1727289130338,192.65,73.0
1727289130338,192.65,29.0
1727289130342,192.645,8.0
1727289130370,192.64,82.0
1727289130370,192.64,18.0
1727289130837,192.6368,1.0
1727289131089,192.64,20.0
1727289131089,192.64,23.0
1727289131090,192.64,100.0
1727289131090,192.64,2.0
1727289131090,192.64,2.0
1727289131090,192.64,100.0
1727289131262,192.64,29.0
1727289131266,192.64,14.0
1727289131894,192.635,5.0
1727289131949,192.63,7.0
1727289132485,192.6445,5.0
1727289132704,192.63,4.0
1727289132704,192.63,1.0
1727289132704,192.63,5.0
1727289132704,192.63,10.0
1727289132704,192.63,93.0
1727289132704,192.63,100.0
1727289132704,192.62,1.0
1727289132722,192.62,77.0
1727289132722,192.62,100.0
1727289132722,192.62,10.0
1727289132722,192.62,6.0
1727289132723,192.61,5.0
1727289132783,192.615,98.0
1727289132828,192.615,70.0
1727289133307,192.615,15.0
1727289133307,192.61,190.0
1727289133466,192.615,100.0
1727289134730,192.6111,2.0
1727289134896,192.615,100.0
1727289134923,192.615,33.0
1727289134923,192.6407,50.0
1727289135286,192.615,9.0
1727289135469,192.6101,2.0
1727289135510,192.61,1.0
1727289135535,192.6,1.0
1727289135510,192.61,14.0
1727289135510,192.61,100.0
1727289135510,192.61,100.0
1727289135510,192.61,2.0
1727289135511,192.61,100.0
1727289135511,192.6403,50.0
1727289135511,192.6422,50.0
1727289135620,192.61,47.0
1727289135620,192.61,1.0
1727289135620,192.61,102.0
1727289135653,192.615,1.0
1727289135803,192.615,100.0
1727289135812,192.6188,1.0
1727289136523,192.615,7.0
1727289137658,192.64,100.0
1727289137710,192.635,10.0
1727289137713,192.63,1.0
1727289137244,192.615,100.0
1727289137715,192.635,1.0
1727289137754,192.635,83.0
1727289137350,192.5763,100.0
1727289137535,192.615,1.0
1727289137557,192.62,100.0
1727289137557,192.62,4.0
1727289137557,192.62,45.0
1727289137557,192.62,25.0
1727289137557,192.62,75.0
1727289137557,192.62,100.0
1727289137557,192.62,102.0
1727289137557,192.62,96.0
1727289137557,192.63,100.0
1727289137557,192.63,5.0
1727289137557,192.62,14.0
1727289137557,192.62,15.0
1727289137557,192.615,15.0
1727289137557,192.615,200.0
1727289137557,192.62,17.0
1727289137557,192.615,15.0
1727289137557,192.615,1.0
1727289137557,192.63,1.0
1727289137557,192.62,92.0
1727289137558,192.625,14.0
1727289137558,192.625,14.0
1727289137563,192.635,150.0
1727289138870,192.6388,1.0
1727289138137,192.631,35.0
1727289138464,192.635,1.0
1727289138465,192.635,100.0
1727289138587,192.635,100.0
1727289138949,192.635,100.0
1727289139051,192.63,5.0
1727289139219,192.63,5.0
1727289140837,192.64,11.0
1727289140911,192.6488,1.0
1727289140531,192.6332,1.0
1727289140708,192.63,10.0
1727289140708,192.63,90.0
1727289141915,192.638,20.0
1727289141916,192.63,10.0
1727289141916,192.63,100.0
1727289141916,192.63,100.0
1727289141916,192.63,20.0
1727289141916,192.63,100.0
1727289141916,192.63,1.0
1727289141916,192.63,100.0
1727289141916,192.63,100.0
1727289141916,192.63,20.0
1727289141916,192.62,100.0
1727289141916,192.62,100.0
1727289141916,192.62,100.0
1727289141916,192.62,100.0
1727289141916,192.62,8.0
1727289141916,192.62,17.0
1727289141916,192.62,100.0
1727289141916,192.62,100.0
1727289141917,192.62,8.0
1727289141917,192.62,100.0
1727289141917,192.63,100.0
1727289141917,192.62,100.0
1727289141917,192.62,195.0
1727289142297,192.6432,2.0
1727289142325,192.61,5.0
1727289142537,192.5774,100.0
1727289142551,192.6432,4.0
1727289142713,192.6432,8.0
1727289142951,192.61,1.0
1727289142972,192.625,3.0
1727289142973,192.63,147.0
1727289143017,192.62,100.0
1727289143549,192.63,42.0
1727289143549,192.63,100.0
1727289143549,192.63,14.0
1727289143549,192.63,14.0
1727289143550,192.64,100.0
1727289143550,192.63,100.0
1727289143550,192.63,95.0
1727289143551,192.635,58.0
1727289143970,192.6288,1.0
1727289144085,192.6342,17.0
1727289144670,192.635,100.0
1727289144760,192.63,100.0
1727289144760,192.63,100.0
1727289144761,192.63,123.0
1727289144761,192.63,100.0
1727289145251,192.62,100.0
1727289145251,192.62,100.0
1727289145251,192.62,10.0
1727289145251,192.62,90.0
1727289147563,192.625,1.0
1727289147781,192.62,100.0
1727289147781,192.62,100.0
1727289147781,192.62,100.0
1727289148109,192.625,150.0
1727289148326,192.6268,75.0
1727289148420,192.625,100.0
1727289148420,192.625,100.0
1727289148421,192.6252,50.0
1727289148424,192.62,100.0
1727289148425,192.6242,100.0
1727289148983,192.624,100.0
1727289149273,192.63,2.0
1727289149273,192.63,9.0
1727289149273,192.63,34.0
1727289149273,192.63,17.0
1727289149273,192.63,3.0
1727289149274,192.63,5.0
1727289149507,192.635,125.0
1727289149547,192.635,152.0
1727289149579,192.6301,200.0
1727289149579,192.63,100.0
1727289149579,192.63,25.0
1727289149579,192.6301,200.0
1727289149579,192.63,10.0
1727289149579,192.63,100.0
1727289149579,192.63,100.0
1727289149579,192.63,100.0
1727289149579,192.63,100.0
1727289149579,192.63,10.0
1727289149579,192.63,100.0
1727289149579,192.63,2.0
1727289149579,192.63,200.0
1727289149580,192.6255,50.0
1727289149580,192.6258,50.0
1727289149580,192.62,1632.0
1727289149583,192.6312,1.0
1727289149672,192.635,1.0
1727289150176,192.625,1.0
1727289150349,192.62,100.0
1727289150349,192.62,45.0
1727289150422,192.629,5.0
1727289150814,192.625,1.0
1727289151114,192.6212,1.0
1727289151139,192.625,100.0
1727289151624,192.6288,1.0
1727289151902,192.6299,1.0
1727289152117,192.62,1.0
1727289152134,192.6288,1.0
1727289152238,192.6201,6.0
1727289152580,192.625,150.0
1727289152645,192.6288,1.0
1727289152922,192.63,2.0
1727289153064,192.62,68.0
1727289153756,192.655,4.0
1727289153756,192.65,100.0
1727289153756,192.65,11.0
1727289153756,192.65,100.0
1727289153756,192.65,2.0
1727289153757,192.65,100.0
1727289153757,192.65,100.0
1727289153757,192.65,100.0
1727289153162,192.625,100.0
1727289153757,192.65,7.0
1727289153757,192.65,27.0
1727289153758,192.655,100.0
1727289153869,192.6529,60.0
1727289153263,192.625,1.0
1727289153491,192.625,65.0
1727289153498,192.6201,200.0
1727289153553,192.63,51.0
1727289153553,192.63,39.0
1727289153553,192.63,261.0
1727289153553,192.63,100.0
1727289153553,192.63,1.0
1727289153553,192.63,1.0
1727289153553,192.64,14.0
1727289153553,192.64,2.0
1727289153553,192.64,45.0
1727289153554,192.65,1.0
1727289153554,192.65,5.0
1727289153554,192.65,99.0
1727289153554,192.65,35.0
1727289154809,192.6587,7.0
1727289154816,192.6512,4.0
1727289155054,192.66,2.0
1727289155054,192.66,2.0
1727289155085,192.66,46.0
1727289155085,192.66,137.0
1727289155085,192.66,61.0
1727289155085,192.66,1.0
1727289155086,192.66,100.0
1727289155137,192.642,5.0
1727289155350,192.665,48.0
1727289155352,192.665,52.0
1727289155352,192.66,20.0
1727289155352,192.6316,50.0
1727289156213,192.6688,1.0
1727289156421,192.6699,300.0
1727289156654,192.67,150.0
1727289157089,192.67,25.0
1727289157203,192.66,100.0
1727289157203,192.66,100.0
1727289157203,192.67,25.0
1727289157203,192.67,75.0
1727289157210,192.67,49.0
1727289157210,192.67,6.0
1727289157210,192.67,1.0
1727289157210,192.67,93.0
1727289157722,192.6716,100.0
1727289158583,192.68,1.0
1727289158835,192.675,100.0
1727289159148,192.675,110.0
1727289159199,192.675,1.0
1727289159267,192.643,19.0
1727289159358,192.67,15.0
1727289159699,192.675,100.0
1727289159781,192.6788,1.0
1727289160219,192.675,100.0
1727289160304,192.6791,1.0
1727289160701,192.67,10.0
1727289160701,192.67,100.0
1727289160701,192.67,10.0
1727289160701,192.67,10.0
1727289160701,192.67,10.0
1727289160701,192.67,11.0
1727289160701,192.67,5.0
1727289160702,192.67,100.0
1727289160702,192.67,26.0
1727289160702,192.67,174.0
1727289160702,192.67,100.0
1727289160702,192.67,100.0
1727289160702,192.67,10.0
1727289160702,192.67,100.0
1727289160706,192.665,150.0
1727289160707,192.67,30.0
1727289160707,192.67,100.0
1727289161212,192.675,70.0
1727289161330,192.644,1.0
1727289161634,192.6717,100.0
1727289161742,192.6731,10.0
1727289161825,192.671,15.0
1727289162332,192.6788,1.0
1727289162650,192.675,1.0
1727289163375,192.6441,4.0
1727289163551,192.6713,26.0
1727289163588,192.675,2.0
1727289164095,192.6713,1.0
1727289164587,192.674,167.0
1727289164875,192.675,150.0
1727289165062,192.6712,20.0
1727289166939,192.6712,1.0
1727289167249,192.675,10.0
1727289167433,192.6712,1.0
1727289167339,192.675,6.0
1727289167339,192.67,94.0
1727289167699,192.6799,1.0
1727289167626,192.675,100.0
1727289229193,192.63,10.0
1727289230051,192.6212,2.0
1727289230612,192.6354,11.0
1727289231176,192.6258,1.0
1727289231310,192.625,1.0
1727289231626,192.625,1.0
1727289231627,192.625,5.0
1727289232160,192.6254,57.0
1727289232290,192.6226,6.0
1727289232302,192.62,1.0
1727289232753,192.6288,1.0
1727289233511,192.625,10.0
1727289233511,192.625,2.0
1727289233511,192.625,100.0
1727289233513,192.625,100.0
1727289233751,192.63,110.0
1727289233751,192.63,51.0
1727289233751,192.63,1.0
1727289233752,192.63,15.0
1727289233752,192.63,15.0
1727289233752,192.63,43.0
1727289233752,192.63,139.0
1727289233752,192.63,56.0
1727289233814,192.63,17.0
1727289234227,192.62,1.0
1727289234284,192.6388,1.0
1727289234755,192.6499,1.0
1727289234971,192.635,100.0
1727289235041,192.635,100.0
1727289235578,192.635,25.0
1727289235715,192.6399,60.0
1727289236050,192.635,100.0
1727289236324,192.6388,1.0
1727289236721,192.635,200.0
1727289237057,192.635,100.0
1727289237075,192.635,30.0
1727289237788,192.635,1.0
1727289237856,192.6388,1.0
1727289238003,192.6399,1.0
1727289238072,192.635,3.0
1727289238488,192.635,5.0
1727289239896,192.6301,15.0
1727289239906,192.6302,1.0
1727289240718,192.63,2.0
1727289240720,192.63,54.0
1727289240720,192.63,10.0
1727289240720,192.63,4.0
1727289240720,192.63,100.0
1727289240720,192.63,2.0
1727289240720,192.63,100.0
1727289240720,192.63,5.0
1727289240720,192.63,88.0
1727289240720,192.63,12.0
1727289240720,192.63,100.0
1727289240724,192.625,12.0
1727289240725,192.63,80.0
1727289240726,192.63,80.0
1727289241863,192.635,8.0
1727289241878,192.62,1050.0
1727289241878,192.62,9.0
1727289241878,192.62,5.0
1727289241878,192.62,1.0
1727289241878,192.62,100.0
1727289241878,192.62,10.0
1727289241879,192.62,100.0
1727289241879,192.62,1950.0
1727289241880,192.626,59.0
1727289241993,192.615,13.0
1727289242077,192.6342,1.0
1727289242256,192.62,5.0
1727289242636,192.61,100.0
1727289242636,192.61,100.0
1727289242636,192.61,12.0
1727289242636,192.61,100.0
1727289242636,192.61,1.0
1727289242636,192.61,99.0
1727289242636,192.61,1.0
1727289242435,192.61,100.0
1727289243385,192.6,300.0
1727289243708,192.605,2.0
1727289244165,192.6,2.0
1727289244491,192.6012,1.0
1727289244491,192.6,1.0
1727289244509,192.61,19.0
1727289244509,192.61,9.0
1727289244509,192.605,2.0
1727289244509,192.61,9.0
1727289244509,192.61,9.0
1727289244510,192.61,5.0
1727289244510,192.61,9.0
1727289244510,192.61,5.0
1727289244510,192.61,9.0
1727289244510,192.61,5.0
1727289244510,192.61,21.0
1727289244510,192.61,1.0
1727289244510,192.61,9.0
1727289244511,192.61,9.0
1727289244510,192.61,1.0
1727289244512,192.61,39.0
1727289244511,192.605,1.0
1727289244512,192.61,10.0
1727289244512,192.605,1.0
1727289244560,192.6,9.0
1727289244560,192.605,100.0
1727289245001,192.6012,1.0
1727289246137,192.605,30.0
1727289246181,192.61,82.0
1727289246181,192.61,2.0
1727289246182,192.61,1.0
1727289246182,192.61,1.0
1727289246182,192.605,181.0
1727289246182,192.61,20.0
1727289246182,192.6075,100.0
1727289246182,192.61,49.0
1727289246182,192.61,7.0
1727289246182,192.6,1.0
1727289246182,192.61,14.0
1727289247038,192.6188,1.0
1727289247053,192.6101,10.0
1727289247901,192.62,13.0
1727289248046,192.615,11.0
1727289248763,192.615,7.0
1727289248885,192.6377,9.0
1727289248998,192.62,7.0
1727289248998,192.62,6.0
1727289248998,192.62,6.0
1727289249006,192.6199,10.0
1727289249200,192.61,100.0
1727289249200,192.61,20.0
1727289249200,192.61,100.0
1727289249200,192.61,25.0
1727289249200,192.61,10.0
1727289249200,192.61,25.0
1727289249200,192.61,2.0
1727289249200,192.61,3.0
1727289249200,192.615,26.0
1727289249200,192.61,10.0
1727289249200,192.61,100.0
1727289249399,192.605,100.0
1727289249751,192.633,316.0
1727289249773,192.633,35.0
1727289249801,192.633,35.0
1727289249805,192.633,35.0
1727289249823,192.6013,7.0
1727289250167,192.598,13.0
1727289250251,192.605,12.0
1727289250626,192.605,100.0
1727289250870,192.605,2.0
1727289250870,192.605,2.0
1727289251003,192.6099,1.0
1727289251925,192.606,1.0
1727289252263,192.601,5.0
1727289252405,192.605,1.0
1727289252467,192.605,1.0
1727289252833,192.605,100.0
1727289252958,192.6035,18.0
1727289253059,192.6,100.0
1727289253059,192.605,100.0
1727289253059,192.6,8.0
1727289253059,192.6,5.0
1727289253059,192.6,5.0
1727289253059,192.6,8.0
1727289253059,192.6,92.0
1727289253059,192.6,5.0
1727289253059,192.6,3.0
1727289253059,192.6,100.0
1727289253382,192.59,7.0
1727289254160,192.5981,100.0
1727289254193,192.59,5.0
1727289254193,192.59,5.0
1727289254193,192.59,10.0
1727289254193,192.59,79.0
1727289254193,192.59,1.0
1727289254376,192.6,40.0
1727289254376,192.6,100.0
1727289254377,192.6,23.0
1727289254377,192.6,100.0
1727289254469,192.6315,4.0
1727289254680,192.5995,7.0
1727289254719,192.595,1.0
1727289254845,192.6,19.0
1727289254845,192.6,27.0
1727289254851,192.6,200.0
1727289254998,192.6,40.0
1727289255562,192.6101,1.0
1727289255798,192.6199,1.0
1727289255193,192.59,1.0
1727289255218,192.6085,15.0
1727289255309,192.61,10.0
1727289255309,192.61,2.0
1727289255309,192.61,10.0
1727289255310,192.61,5.0
1727289255310,192.61,5.0
1727289255310,192.61,2.0
1727289255310,192.61,20.0
1727289255310,192.61,29.0
1727289255352,192.6,10.0
1727289255352,192.6,25.0
1727289255352,192.6,100.0
1727289255352,192.6,25.0
1727289255352,192.6,100.0
1727289255353,192.6,40.0
1727289255401,192.61,10.0
1727289255401,192.61,48.0
1727289255401,192.61,30.0
1727289256728,192.615,12.0
1727289256730,192.615,12.0
1727289256760,192.6105,5.0
1727289256199,192.615,100.0
1727289256507,192.61,100.0
1727289256523,192.61,11.0
1727289257430,192.6108,10.0
1727289257504,192.615,200.0
1727289257540,192.6312,20.0
1727289258043,192.615,12.0
1727289258047,192.615,27.0
1727289258269,192.615,2.0
1727289258408,192.615,1.0
1727289258687,192.62,1.0
1727289258769,192.6188,1.0
1727289259787,192.615,25.0
1727289260200,192.615,1.0
1727289260252,192.615,12.0
1727289260599,192.61,5.0
1727289261281,192.615,42.0
1727289261281,192.615,28.0
1727289262220,192.6343,100.0
1727289262242,192.6343,100.0
1727289262243,192.6343,100.0
1727289262299,192.6316,1.0
1727289262337,192.6113,6.0
1727289262420,192.6112,1.0
1727289262503,192.62,10.0
1727289262503,192.62,36.0
1727289262503,192.62,50.0
1727289262504,192.62,10.0
1727289262504,192.62,40.0
1727289262505,192.62,39.0
1727289262506,192.62,11.0
1727289263069,192.62,4.0
1727289262800,192.6201,1.0
1727289262802,192.625,2.0
1727289263198,192.62,1.0
1727289264000,192.625,10.0
1727289264850,192.6201,40.0
1727289264888,192.6288,1.0
1727289265172,192.62,100.0
1727289265172,192.62,10.0
1727289265172,192.62,90.0
1727289265172,192.62,12.0
1727289265172,192.62,10.0
1727289265172,192.62,10.0
1727289265172,192.62,100.0
1727289265172,192.62,100.0
1727289265172,192.62,74.0
1727289265172,192.62,26.0
1727289265173,192.61,3.0
1727289265173,192.61,100.0
1727289265173,192.61,20.0
1727289265173,192.61,6.0
1727289265173,192.62,25.0
1727289265173,192.61,10.0
1727289265173,192.61,100.0
1727289265174,192.61,100.0
1727289265177,192.6087,292.0
1727289265461,192.6,38.0
1727289265534,192.6,59.0
1727289265538,192.61,1.0
1727289266253,192.6312,8.0
1727289266813,192.605,200.0
1727289267033,192.61,70.0
1727289267518,192.6094,13.0
1727289267518,192.6361,367.0
1727289267553,192.6374,71.0
1727289267574,192.632,104.0
1727289267907,192.6019,117.0
1727289268398,192.605,12.0
1727289268398,192.605,7.0
1727289268529,192.61,100.0
1727289268529,192.61,44.0
1727289268529,192.61,1.0
1727289268530,192.61,146.0
1727289268530,192.61,49.0
1727289268530,192.61,60.0
1727289268530,192.61,136.0
1727289268530,192.61,24.0
1727289268530,192.605,25.0
1727289268530,192.62,49.0
1727289268538,192.62,75.0
1727289269133,192.6277,5.0
1727289269446,192.625,1.0
1727289269480,192.6288,1.0
1727289270252,192.625,3.0
1727289270254,192.63,9.0
1727289270398,192.63,10.0
1727289270398,192.63,48.0
1727289270399,192.63,100.0
1727289270399,192.63,100.0
1727289270398,192.63,100.0
1727289270400,192.635,54.0
1727289270925,192.63,30.0
1727289270925,192.63,100.0
1727289270925,192.63,100.0
1727289270925,192.63,100.0
1727289271164,192.635,5.0
1727289271695,192.63,5.0
1727289272424,192.6324,30.0
1727289271776,192.6311,1.0
1727289271998,192.6311,6.0
1727289272245,192.63,2.0
1727289272245,192.63,98.0
1727289272245,192.63,200.0
1727289273121,192.635,1.0
1727289273143,192.631,20.0
1727289274262,192.64,1465.0
1727289274262,192.64,350.0
1727289274262,192.64,30.0
1727289274262,192.64,555.0
1727289274262,192.64,42.0
1727289274262,192.64,25.0
1727289274262,192.64,51.0
1727289274262,192.64,50.0
1727289274262,192.635,60.0
1727289274262,192.64,766.0
1727289274262,192.64,400.0
1727289274262,192.635,100.0
1727289274262,192.635,10.0
1727289274262,192.64,1.0
1727289274262,192.64,432.0
1727289274262,192.64,168.0
1727289274262,192.64,2.0
1727289274263,192.6153,53.0
1727289274263,192.64,301.0
1727289274263,192.64,10.0
1727289274263,192.6206,50.0
1727289274263,192.64,35.0
1727289274524,192.64,100.0
1727289274690,192.65,100.0
1727289274691,192.65,52.0
1727289274697,192.65,10.0
1727289274697,192.65,43.0
1727289275141,192.655,3.0
1727289275142,192.655,5.0
1727289275718,192.66,10.0
1727289275718,192.66,51.0
1727289275718,192.66,25.0
1727289275804,192.655,1.0
1727289275807,192.655,318.0
1727289275807,192.655,108.0
1727289276070,192.6353,100.0
1727289276186,192.66,100.0
1727289276232,192.6319,4.0
1727289277625,192.6599,1.0
1727289276924,192.66,28.0
1727289277234,192.66,2.0
1727289277438,192.655,100.0
1727289277682,192.6513,1.0
1727289277752,192.655,1.0
1727289277932,192.66,12.0
1727289277943,192.6599,15.0
1727289278327,192.6599,100.0
1727289278446,192.6005,300.0
1727289279224,192.6587,1.0
1727289279233,192.6597,7.0
1727289279709,192.66,1.0
1727289279713,192.655,1.0
1727289280231,192.659,1.0
1727289280236,192.66,8.0
1727289280236,192.66,20.0
1727289280236,192.66,400.0
1727289280236,192.66,31.0
1727289280237,192.66,10.0
1727289280237,192.66,2.0
1727289280237,192.66,50.0
1727289280255,192.67,13.0
1727289280261,192.665,4.0
1727289280279,192.67,100.0
1727289280372,192.67,100.0
1727289280373,192.67,1.0
1727289280375,192.675,1.0
1727289280377,192.67,200.0
1727289280730,192.6788,1.0
1727289280873,192.67,10.0
1727289281005,192.665,1.0
1727289281006,192.665,3.0
1727289281123,192.665,1.0
1727289281337,192.6308,1.0
1727289281659,192.6308,10.0
1727289281905,192.67,5.0
1727289281905,192.67,54.0
1727289281905,192.67,10.0
1727289282044,192.6712,36.0
1727289282047,192.67,1.0
1727289282473,192.68,10.0
1727289282479,192.68,1.0
1727289282479,192.675,100.0
1727289282479,192.68,3.0
1727289282484,192.6799,56.0
1727289282576,192.6758,50.0
1727289282747,192.675,25.0
1727289283256,192.6799,1.0
1727289283258,192.675,100.0
1727289283282,192.68,1.0
1727289283750,192.675,100.0
1727289284768,192.6718,10.0
1727289284798,192.67,11.0
1727289285297,192.6719,100.0
1727289285480,192.675,1.0
1727289285521,192.675,3.0
1727289285522,192.675,7.0
1727289286522,192.675,8.0
1727289286912,192.675,49.0
1727289290841,192.675,1.0
1727289291481,192.6299,8.0
1727289349376,192.73,6.0
1727289349412,192.725,1.0
1727289349713,192.725,1.0
1727289349813,192.725,6.0
1727289350259,192.73,19.0
1727289351526,192.73,30.0
1727289351526,192.73,5.0
1727289351526,192.73,16.0
1727289351526,192.73,30.0
1727289351526,192.73,100.0
1727289351526,192.73,33.0
1727289351526,192.73,46.0
1727289351527,192.73,100.0
1727289351527,192.73,40.0
1727289351527,192.73,16.0
1727289351527,192.73,1.0
1727289351527,192.73,100.0
1727289351527,192.73,1.0
1727289351527,192.6702,50.0
1727289351551,192.74,100.0
1727289351641,192.7212,1.0
1727289351732,192.7318,107.0
1727289351751,192.74,10.0
1727289351751,192.74,8.0
1727289351751,192.74,45.0
1727289351752,192.74,10.0
1727289351752,192.74,4.0
1727289351752,192.74,52.0
1727289351752,192.74,300.0
1727289351752,192.74,28.0
1727289351752,192.74,100.0
1727289351752,192.74,1.0
1727289351752,192.745,50.0
1727289351752,192.74,100.0
1727289351975,192.74,1.0
1727289351976,192.74,100.0
1727289351976,192.74,400.0
1727289351979,192.7377,55.0
1727289351983,192.7399,10.0
1727289353302,192.735,1.0
1727289352814,192.735,150.0
1727289353037,192.735,2.0
1727289353158,192.7399,1.0
1727289353512,192.6735,1.0
1727289353717,192.74,1.0
1727289354255,192.74,11.0
1727289354337,192.7372,50.0
1727289354707,192.74,1.0
1727289354765,192.73,1.0
1727289355068,192.7335,131.0
1727289355128,192.6743,10.0
1727289355213,192.73,20.0
1727289355213,192.73,200.0
1727289355213,192.73,100.0
1727289355213,192.73,181.0
1727289355213,192.73,19.0
1727289355213,192.73,1.0
1727289355213,192.73,9.0
1727289355213,192.73,100.0
1727289355213,192.73,4.0
1727289355213,192.73,1.0
1727289355213,192.73,5.0
1727289355213,192.72,100.0
1727289355213,192.72,9.0
1727289355213,192.72,12.0
1727289355213,192.72,1.0
1727289355213,192.72,35.0
1727289355213,192.72,9.0
1727289355214,192.72,9.0
1727289355215,192.72,3.0
1727289355215,192.72,6.0
1727289355219,192.72,92.0
1727289355699,192.7156,25.0
1727289355291,192.7388,1.0
1727289355809,192.73,10.0
1727289356351,192.715,20.0
1727289356418,192.7146,5.0
1727289356784,192.715,32.0
1727289356784,192.715,74.0
1727289357748,192.715,10.0
1727289358634,192.72,2.0
1727289358654,192.715,10.0
1727289358900,192.7156,15.0
1727289359317,192.715,100.0
1727289359458,192.71,1.0
1727289359470,192.72,49.0
1727289359470,192.72,2.0
1727289359470,192.72,100.0
1727289359470,192.72,30.0
1727289359470,192.72,24.0
1727289359470,192.72,40.0
1727289359470,192.72,126.0
1727289359470,192.72,74.0
1727289359470,192.72,100.0
1727289359470,192.72,100.0
1727289359471,192.72,10.0
1727289359471,192.72,100.0
1727289359471,192.72,200.0
1727289359471,192.72,100.0
1727289359478,192.73,40.0
1727289359879,192.7288,1.0
1727289360031,192.73,5.0
1727289360256,192.73,18.0
1727289360570,192.72,1.0
1727289361267,192.72,3.0
1727289361269,192.725,100.0
1727289361269,192.72,200.0
1727289361269,192.72,100.0
1727289361269,192.72,100.0
1727289361269,192.72,1.0
1727289361269,192.72,105.0
1727289361663,192.71,5.0
1727289361699,192.7197,10.0
1727289362082,192.6816,2.0
1727289362324,192.7112,25.0
1727289362533,192.715,300.0
1727289362712,192.7158,1.0
1727289362763,192.715,10.0
1727289363147,192.714,2.0
1727289363272,192.72,100.0
1727289363272,192.72,77.0
1727289363272,192.72,1.0
1727289363272,192.72,100.0
1727289363273,192.72,100.0
1727289363275,192.725,100.0
1727289363859,192.7168,2.0
1727289363863,192.7126,12.0
1727289363448,192.7188,1.0
1727289363579,192.72,34.0
1727289363647,192.72,4.0
1727289363647,192.72,1.0
1727289363648,192.72,95.0
1727289364690,192.7117,1.0
1727289364872,192.715,1.0
1727289365011,192.6841,8.0
1727289365039,192.7269,50.0
1727289365392,192.7117,1.0
1727289365505,192.72,10.0
1727289365554,192.72,12.0
1727289365788,192.715,4.0
1727289365834,192.72,10.0
1727289365834,192.72,31.0
1727289365834,192.72,10.0
1727289365837,192.73,100.0
1727289365838,192.73,15.0
1727289366055,192.6569,1.0
1727289366105,192.73,8.0
1727289366134,192.73,16.0
1727289366205,192.735,96.0
1727289366205,192.73,25.0
1727289366205,192.73,79.0
1727289366205,192.73,21.0
1727289366293,192.73,100.0
1727289366314,192.73,100.0
1727289366340,192.7399,2.0
1727289366505,192.7388,1.0
1727289366707,192.735,50.0
1727289368155,192.735,100.0
1727289368155,192.73,12.0
1727289368155,192.73,88.0
1727289368156,192.73,100.0
1727289368156,192.73,100.0
1727289368403,192.7301,150.0
1727289367936,192.73,120.0
1727289368506,192.735,2.0
1727289369341,192.73,1.0
1727289368800,192.7301,1.0
1727289369392,192.73,5.0
1727289369518,192.74,1.0
1727289369542,192.735,1.0
1727289369808,192.7301,150.0
1727289369809,192.7301,200.0
1727289369888,192.735,1.0
1727289370290,192.735,300.0
1727289370159,192.73,50.0
1727289370160,192.73,1.0
1727289370654,192.73,100.0
1727289371366,192.7388,30.0
1727289370837,192.7301,200.0
1727289370838,192.7301,300.0
1727289370879,192.735,1.0
1727289371057,192.6589,8.0
1727289371139,192.735,28.0
1727289371237,192.7303,3.0
1727289372084,192.6883,7.0
1727289372515,192.735,1.0
1727289372652,192.74,5.0
1727289372652,192.74,35.0
1727289372652,192.74,1.0
1727289372652,192.74,39.0
1727289372653,192.74,15.0
1727289372653,192.74,50.0
1727289372653,192.74,3.0
1727289372653,192.74,100.0
1727289372653,192.735,100.0
1727289372653,192.74,80.0
1727289372653,192.74,21.0
1727289372653,192.74,37.0
1727289372653,192.74,20.0
1727289372653,192.74,20.0
1727289372654,192.74,200.0
1727289372654,192.735,100.0
1727289372655,192.735,100.0
1727289372655,192.74,9.0
1727289372655,192.74,91.0
1727289372786,192.74,100.0
1727289372786,192.74,300.0
1727289372786,192.74,56.0
1727289374290,192.7369,5.0
1727289374471,192.6913,4.0
1727289374538,192.74,30.0
1727289374542,192.7391,56.0
1727289374565,192.735,17.0
1727289374629,192.7391,10.0
1727289375175,192.7312,1.0
1727289375761,192.74,19.0
1727289375761,192.74,25.0
1727289375761,192.74,100.0
1727289375778,192.735,10.0
1727289375770,192.7399,56.0
1727289375787,192.735,100.0
1727289375837,192.74,100.0
1727289376027,192.6218,6.0
1727289376102,192.74,100.0
1727289376102,192.74,50.0
1727289376103,192.74,1.0
1727289376103,192.74,99.0
1727289376108,192.745,100.0
1727289376110,192.74,12.0
1727289376125,192.74,10.0
1727289376125,192.74,20.0
1727289376195,192.7388,1.0
1727289376253,192.7499,100.0
1727289376834,192.75,100.0
1727289376834,192.75,36.0
1727289376882,192.7499,3.0
1727289376846,192.75,17.0
1727289376972,192.75,50.0
1727289376972,192.75,1.0
1727289376972,192.75,13.0
1727289376972,192.75,11.0
1727289376975,192.75,1.0
1727289376975,192.75,37.0
1727289376854,192.75,3.0
1727289376854,192.75,1.0
1727289376854,192.75,1.0
1727289376458,192.73,1.0
1727289377311,192.765,20.0
1727289377311,192.77,20.0
1727289377162,192.75,5.0
1727289377162,192.75,1.0
1727289377162,192.75,6.0
1727289377162,192.75,100.0
1727289377162,192.75,53.0
1727289377162,192.75,89.0
1727289377162,192.75,100.0
1727289377162,192.75,50.0
1727289377162,192.75,42.0
1727289377162,192.75,100.0
1727289377682,192.77,100.0
1727289377162,192.75,196.0
1727289377162,192.75,548.0
1727289377163,192.76,43.0
1727289377167,192.75,9.0
1727289377367,192.76,5.0
1727289377382,192.7671,1.0
1727289377458,192.77,6.0
1727289377461,192.77,714.0
1727289378752,192.77,2.0
1727289378753,192.77,3.0
1727289377541,192.6977,60.0
1727289378002,192.768,100.0
1727289379664,192.765,100.0
1727289379664,192.76,300.0
1727289377177,192.752,1.0
1727289379664,192.76,10.0
1727289379664,192.76,20.0
1727289379664,192.76,200.0
1727289379664,192.76,3.0
1727289379664,192.76,20.0
1727289379664,192.76,85.0
1727289379664,192.76,500.0
1727289379665,192.76,1.0
1727289379665,192.7382,50.0
1727289379666,192.765,100.0
1727289377178,192.76,4.0
1727289377178,192.76,20.0
1727289377178,192.76,46.0
1727289377179,192.76,33.0
1727289377179,192.76,100.0
1727289377179,192.76,100.0
1727289378947,192.77,60.0
1727289378982,192.77,100.0
1727289378991,192.77,100.0
1727289379761,192.7688,1.0
1727289379796,192.7002,10.0
1727289379796,192.76,25.0
1727289379796,192.76,75.0
1727289377195,192.76,112.0
1727289379576,192.765,40.0
1727289379577,192.765,6.0
1727289379589,192.765,35.0
1727289379594,192.765,35.0
1727289379605,192.765,1.0
1727289380139,192.76,50.0
1727289380168,192.765,160.0
1727289380257,192.765,2.0
1727289380259,192.77,16.0
1727289380271,192.7688,1.0
1727289380687,192.764,10.0
1727289381067,192.7611,30.0
1727289380775,192.765,50.0
1727289380862,192.765,10.0
1727289381563,192.7758,1.0
1727289381666,192.7601,500.0
1727289381801,192.7688,1.0
1727289381872,192.77,2.0
1727289382302,192.7015,1.0
1727289382689,192.7615,1.0
1727289383199,192.76,3.0
1727289383207,192.76,58.0
1727289383207,192.76,19.0
1727289383207,192.76,32.0
1727289383207,192.76,24.0
1727289383207,192.76,4.0
1727289383207,192.765,20.0
1727289383207,192.765,20.0
1727289383207,192.765,20.0
1727289383207,192.765,40.0
1727289383207,192.76,20.0
1727289383208,192.76,51.0
1727289383208,192.76,63.0
1727289383208,192.76,28.0
1727289383208,192.76,100.0
1727289383208,192.76,25.0
1727289384142,192.755,100.0
1727289384142,192.75,9.0
1727289384142,192.75,91.0
1727289384142,192.75,100.0
1727289384142,192.75,100.0
1727289384142,192.75,66.0
1727289384142,192.75,1.0
1727289384144,192.755,100.0
1727289383596,192.75,20.0
1727289383627,192.7588,1.0
1727289383971,192.755,2.0
1727289384015,192.7509,40.0
1727289384591,192.7525,1.0
1727289384614,192.75,475.0
1727289384744,192.75,35.0
1727289386636,192.75,15.0
1727289386725,192.76,10.0
1727289386830,192.755,2.0
1727289386843,192.76,16.0
1727289387003,192.755,1.0
1727289387503,192.755,1.0
1727289388500,192.75,4.0
1727289389180,192.755,1.0
1727289390256,192.755,1.0
1727289390257,192.7072,8.0
1727289390258,192.76,18.0
1727289390625,192.755,10.0
1727289390522,192.76,4.0
1727289390869,192.75,9.0
1727289390869,192.75,10.0
1727289390869,192.75,91.0
1727289390869,192.75,8.0
1727289390869,192.75,100.0
1727289390869,192.75,1.0
1727289390869,192.75,2.0
1727289390870,192.75,100.0
1727289390870,192.75,2.0
1727289390870,192.755,100.0
1727289390870,192.75,204.0
1727289390870,192.75,100.0
1727289390870,192.75,2.0
1727289390870,192.75,96.0
1727289390870,192.75,4.0
1727289390870,192.75,29.0
1727289390870,192.75,100.0
1727289390875,192.75,4.0
1727289390875,192.75,1.0
1727289390875,192.75,45.0
1727289391259,192.74,14.0
1727289391583,192.75,2.0
1727289391607,192.75,69.0
1727289391814,192.75,200.0
1727289391814,192.75,100.0
1727289391824,192.75,120.0
1727289391824,192.75,53.0
1727289391824,192.75,1.0
1727289391824,192.75,1.0
1727289391825,192.75,50.0
1727289391826,192.76,100.0
1727289391828,192.75,5.0
1727289391829,192.75,1.0
1727289391917,192.75,300.0
1727289392333,192.745,40.0
1727289392381,192.75,3.0
1727289392768,192.7595,2.0
1727289392872,192.7501,1.0
1727289392991,192.75,17.0
1727289393238,192.745,114.0
1727289393238,192.745,200.0
1727289393382,192.76,1.0
1727289393670,192.7549,75.0
1727289393972,192.76,12.0
1727289394617,192.755,12.0
1727289394661,192.7512,58.0
1727289394744,192.755,3.0
1727289394746,192.755,7.0
1727289394942,192.76,30.0
1727289394942,192.76,54.0
1727289394942,192.77,51.0
1727289394942,192.76,1.0
1727289394942,192.76,20.0
1727289394942,192.76,100.0
1727289394951,192.765,2.0
1727289395123,192.765,1.0
1727289395413,192.7609,20.0
1727289395488,192.7616,100.0
1727289395525,192.7182,6.0
1727289395525,192.7182,1.0
1727289396234,192.719,8.0
1727289396234,192.719,4.0
1727289396562,192.7601,10.0
1727289398046,192.77,49.0
1727289398046,192.77,3.0
1727289398046,192.77,5.0
1727289398046,192.77,1.0
1727289398046,192.77,1.0
1727289398046,192.77,100.0
1727289398072,192.775,100.0
1727289398072,192.77,25.0
1727289398072,192.77,10.0
1727289398073,192.77,100.0
1727289398073,192.77,54.0
1727289398082,192.77,100.0
1727289399422,192.77,46.0
1727289399479,192.76,20.0
1727289400304,192.7601,11.0
1727289400851,192.765,2.0
1727289400852,192.765,3.0
1727289400978,192.76,10.0
1727289401007,192.77,26.0
1727289401339,192.7209,1.0
1727289402502,192.76,150.0
1727289402900,192.6406,100.0
1727289403275,192.76,300.0
1727289403279,192.77,4.0
1727289404188,192.765,1.0
1727289404768,192.7683,10.0
1727289404772,192.7218,10.0
1727289405235,192.765,1.0
1727289405788,192.7219,26.0
1727289406552,192.765,4.0
1727289407393,192.765,100.0
1727289407404,192.7695,387.0
1727289407188,192.76,1.0
1727289474133,192.776,100.0
1727289474222,192.775,10.0
1727289474397,192.77,1.0
1727289475170,192.765,2500.0
1727289474859,192.775,100.0
1727289474859,192.77,30.0
1727289474859,192.77,100.0
1727289474859,192.77,20.0
1727289474859,192.77,100.0
1727289474861,192.77,13.0
1727289474868,192.7699,56.0
1727289475032,192.6683,100.0
1727289476194,192.77,1.0
1727289476194,192.77,9.0
1727289475361,192.76,100.0
1727289475361,192.76,200.0
1727289475402,192.7659,1.0
1727289476358,192.7622,5.0
1727289475937,192.766,3.0
1727289475938,192.76,100.0
1727289476146,192.7688,1.0
1727289476670,192.765,3.0
1727289476844,192.761,6.0
1727289476852,192.7652,1.0
1727289477277,192.765,2.0
1727289477277,192.76,10.0
1727289477277,192.76,70.0
1727289477277,192.76,30.0
1727289477277,192.76,34.0
1727289477277,192.76,10.0
1727289477277,192.76,10.0
1727289477281,192.76,33.0
1727289477371,192.76,66.0
1727289477371,192.76,30.0
1727289477371,192.76,80.0
1727289477049,192.7657,112.0
1727289477482,192.761,1.0
1727289477506,192.765,1.0
1727289477567,192.765,400.0
1727289477749,192.7624,10.0
1727289478126,192.765,350.0
1727289478696,192.7688,1.0
1727289479109,192.76,94.0
1727289479114,192.77,40.0
1727289479114,192.77,7.0
1727289479114,192.765,21.0
1727289479115,192.77,40.0
1727289479115,192.765,6.0
1727289479115,192.765,6.0
1727289479115,192.77,12.0
1727289479119,192.769,56.0
1727289479784,192.7187,15.0
1727289480006,192.77,5.0
1727289480030,192.7691,56.0
1727289480071,192.765,10.0
1727289480073,192.77,4.0
1727289480225,192.7612,1.0
1727289480276,192.765,28.0
1727289480618,192.7611,1.0
1727289480637,192.765,80.0
1727289480637,192.765,20.0
1727289480735,192.7688,1.0
1727289482086,192.7638,1.0
1727289482316,192.765,2.0
1727289482464,192.7688,64.0
1727289482968,192.7604,1.0
1727289483022,192.7611,28.0
1727289483112,192.761,8.0
1727289483372,192.7016,15.0
1727289483793,192.7688,1.0
1727289483952,192.77,20.0
1727289483952,192.77,30.0
1727289483953,192.77,5.0
1727289483953,192.77,15.0
1727289483954,192.77,100.0
1727289483955,192.77,35.0
1727289483959,192.77,68.0
1727289483966,192.765,1.0
1727289484145,192.76,100.0
1727289484145,192.76,24.0
1727289484145,192.76,31.0
1727289484145,192.76,56.0
1727289484145,192.76,189.0
1727289484147,192.765,5.0
1727289484147,192.765,95.0
1727289484148,192.76,100.0
1727289484157,192.76,11.0
1727289484157,192.76,23.0
1727289484213,192.75,100.0
1727289484303,192.7612,1.0
1727289484396,192.75,100.0
1727289484396,192.75,100.0
1727289484398,192.75,200.0
1727289484551,192.7599,1.0
1727289484567,192.75,13.0
1727289484646,192.74,100.0
1727289484646,192.74,200.0
1727289484646,192.74,200.0
1727289484647,192.74,100.0
1727289484647,192.74,1.0
1727289484770,192.74,20.0
1727289484901,192.73,5.0
1727289484901,192.73,95.0
1727289484902,192.73,5.0
1727289484904,192.7377,1.0
1727289485050,192.73,26.0
1727289485610,192.7325,75.0
1727289485649,192.73,100.0
1727289485649,192.73,95.0
1727289485649,192.73,5.0
1727289485652,192.73,100.0
1727289485685,192.73,4.0
1727289485746,192.7322,1.0
1727289485780,192.73,18.0
1727289485804,192.74,1.0
1727289485923,192.73,2.0
1727289486217,192.74,10.0
1727289486299,192.74,100.0
1727289486402,192.73,16.0
1727289486402,192.73,100.0
1727289486402,192.73,84.0
1727289486437,192.738,10.0
1727289486456,192.74,20.0
1727289486456,192.74,12.0
1727289486458,192.74,15.0
1727289486458,192.74,6.0
1727289486458,192.74,4.0
1727289486458,192.74,100.0
1727289486656,192.74,109.0
1727289486656,192.74,91.0
1727289486657,192.74,100.0
1727289486901,192.73,20.0
1727289486904,192.74,24.0
1727289486904,192.74,100.0
1727289486904,192.73,100.0
1727289486904,192.73,25.0
1727289486904,192.73,20.0
1727289486904,192.73,10.0
1727289486904,192.73,21.0
1727289486904,192.74,100.0
1727289486905,192.74,2.0
1727289486911,192.745,98.0
1727289486911,192.74,2.0
1727289486966,192.74,22.0
1727289486966,192.74,26.0
1727289487050,192.74,250.0
1727289487156,192.73,300.0
1727289487157,192.73,200.0
1727289487158,192.74,100.0
1727289487158,192.73,100.0
1727289487878,192.74,100.0
1727289487260,192.74,51.0
1727289487406,192.73,200.0
1727289487407,192.74,100.0
1727289487407,192.73,100.0
1727289487408,192.74,25.0
1727289487408,192.74,75.0
1727289487408,192.73,91.0
1727289487408,192.73,9.0
1727289487411,192.74,91.0
1727289487508,192.74,10.0
1727289487508,192.74,11.0
1727289487508,192.74,10.0
1727289487508,192.74,25.0
1727289487580,192.745,1.0
1727289487640,192.745,10.0
1727289487936,192.749,6.0
1727289488382,192.745,1.0
1727289488384,192.75,30.0
1727289488384,192.75,1.0
1727289488384,192.75,99.0
1727289488556,192.7547,75.0
1727289489262,192.7401,1.0
1727289489913,192.749,1.0
1727289489914,192.73,200.0
1727289489915,192.73,100.0
1727289489918,192.73,30.0
1727289489918,192.73,70.0
1727289489921,192.73,30.0
1727289489921,192.73,70.0
1727289489921,192.73,2.0
1727289489925,192.73,1.0
1727289489395,192.7632,8.0
1727289489415,192.749,1.0
1727289490021,192.73,19.0
1727289489597,192.745,100.0
1727289489597,192.74,10.0
1727289489597,192.74,1.0
1727289489597,192.74,90.0
1727289489597,192.74,8.0
1727289489597,192.74,106.0
1727289489598,192.7536,50.0
1727289489605,192.735,36.0
1727289489664,192.73,100.0
1727289489667,192.74,10.0
1727289489667,192.74,20.0
1727289489667,192.735,100.0
1727289489667,192.73,70.0
1727289489668,192.74,10.0
1727289489668,192.73,100.0
1727289489668,192.73,10.0
1727289489677,192.73,100.0
1727289490223,192.74,8.0
1727289490223,192.74,92.0
1727289490223,192.74,57.0
1727289489750,192.74,30.0
1727289490479,192.745,1.0
1727289490640,192.74,5.0
1727289490686,192.745,10.0
1727289491315,192.74,100.0
1727289491329,192.7374,56.0
1727289491416,192.72,200.0
1727289491416,192.73,10.0
1727289491431,192.72,20.0
1727289491431,192.72,150.0
1727289491435,192.72,100.0
1727289491435,192.72,100.0
1727289491436,192.72,200.0
1727289491442,192.73,28.0
1727289491469,192.72,100.0
1727289491603,192.7623,4.0
1727289491917,192.71,200.0
1727289491920,192.71,150.0
1727289491926,192.71,200.0
1727289491927,192.71,75.0
1727289491927,192.715,1.0
1727289491927,192.71,16.0
1727289491927,192.71,84.0
1727289491927,192.715,99.0
1727289491927,192.71,1.0
1727289491929,192.71,100.0
1727289491670,192.72,4.0
1727289491670,192.72,100.0
1727289491670,192.72,100.0
1727289491670,192.72,96.0
1727289491671,192.72,93.0
1727289492014,192.715,100.0
1727289492025,192.71,200.0
1727289492085,192.7611,5.0
1727289492272,192.7427,65.0
1727289492399,192.7199,1.0
1727289492401,192.72,49.0
1727289492401,192.72,100.0
1727289492408,192.725,100.0
1727289492974,192.7288,1.0
1727289493001,192.72,54.0
1727289493002,192.72,200.0
1727289492539,192.73,20.0
1727289492539,192.73,80.0
1727289492539,192.73,56.0
1727289492561,192.72,1.0
1727289492674,192.72,99.0
1727289492674,192.72,100.0
1727289492674,192.72,100.0
1727289492674,192.72,1.0
1727289492920,192.71,200.0
1727289492923,192.71,20.0
1727289492923,192.71,150.0
1727289492927,192.72,99.0
1727289492927,192.71,100.0
1727289492927,192.71,1.0
1727289492927,192.72,100.0
1727289492930,192.71,200.0
1727289492933,192.71,100.0
1727289492934,192.715,100.0
1727289493122,192.72,100.0
1727289493173,192.71,20.0
1727289493176,192.71,200.0
1727289493177,192.71,100.0
1727289493179,192.71,100.0
1727289493187,192.72,10.0
1727289493196,192.72,100.0
1727289493352,192.72,47.0
1727289493981,192.73,1.0
1727289494305,192.73,5.0
1727289494305,192.73,5.0
1727289494402,192.73,20.0
1727289494434,192.725,10.0
1727289494484,192.7596,9.0
1727289494484,192.7596,4.0
1727289494819,192.7597,1.0
1727289495482,192.7201,50.0
1727289495885,192.725,5.0
1727289496156,192.7285,1.0
1727289496184,192.72,100.0
1727289496184,192.72,100.0
1727289496187,192.73,1.0
1727289496300,192.715,10.0
1727289496493,192.72,10.0
1727289497440,192.71,6.0
1727289497440,192.71,6.0
1727289497440,192.71,88.0
1727289497441,192.71,100.0
1727289497443,192.71,100.0
1727289496522,192.715,11.0
1727289496542,192.7212,1.0
1727289497572,192.7112,1.0
1727289498026,192.72,30.0
1727289498027,192.72,30.0
1727289498027,192.72,50.0
1727289498027,192.72,189.0
1727289498027,192.72,52.0
1727289498027,192.72,4.0
1727289498027,192.72,96.0
1727289498028,192.72,60.0
1727289498028,192.72,60.0
1727289498028,192.72,5.0
1727289498047,192.73,4.0
1727289498188,192.72,1.0
1727289498193,192.71,200.0
1727289498195,192.71,100.0
1727289498195,192.71,18.0
1727289497206,192.72,10.0
1727289497206,192.72,10.0
1727289497335,192.7195,2.0
1727289499565,192.73,11.0
1727289499214,192.72,51.0
1727289499215,192.72,100.0
1727289499771,192.7587,65.0
1727289499860,192.7304,1.0
1727289500124,192.725,50.0
1727289500480,192.725,1.0
1727289500756,192.73,60.0
1727289500853,192.725,1.0
1727289501301,192.725,100.0
1727289501425,192.7209,2.0
1727289501654,192.7288,1.0
1727289501926,192.7201,1.0
1727289501994,192.7123,39.0
1727289502011,192.73,1.0
1727289502306,192.7585,1.0
1727289502447,192.729,1.0
1727289502448,192.729,1.0
1727289502658,192.72,135.0
1727289502665,192.73,28.0
1727289502665,192.73,10.0
1727289502665,192.73,3.0
1727289502665,192.73,12.0
1727289502665,192.73,100.0
1727289502674,192.735,12.0
1727289503216,192.7584,10.0
1727289503515,192.73,202.0
1727289503620,192.73,1.0
1727289503695,192.7388,1.0
1727289504124,192.735,1.0
1727289504518,192.735,5.0
1727289505181,192.73,1.0
1727289505223,192.7388,1.0
1727289505276,192.735,20.0
1727289505732,192.73,1.0
1727289506963,192.735,2.0
1727289506967,192.73,2.0
1727289506927,192.735,1.0
1727289506967,192.73,10.0
1727289506968,192.73,6.0
1727289507195,192.735,14.0
1727289507976,192.73,100.0
1727289507262,192.735,1.0
1727289507994,192.73,49.0
1727289508037,192.73,32.0
1727289507679,192.73,100.0
1727289507789,192.73,42.0
1727289507789,192.73,100.0
1727289507789,192.73,100.0
1727289507790,192.73,58.0
1727289507796,192.725,30.0
1727289507796,192.73,42.0
1727289507796,192.73,1.0
1727289507854,192.73,23.0
1727289509000,192.727,13.0
1727289509016,192.725,50.0
1727289508502,192.758,6.0
1727289508586,192.73,10.0
1727289508753,192.73,42.0
1727289508753,192.73,10.0
1727289508753,192.73,6.0
1727289508753,192.725,100.0
1727289508753,192.73,53.0
1727289508791,192.7287,300.0
1727289509303,192.7288,1.0
1727289509623,192.73,1.0
1727289509700,192.73,15.0
1727289509859,192.725,100.0
1727289509931,192.6766,100.0
1727289510279,192.73,28.0
1727289511190,192.7208,5.0
1727289511252,192.73,25.0
1727289511273,192.725,100.0
1727289511286,192.73,282.0
1727289511288,192.725,10.0
1727289511449,192.725,1.0
1727289511718,192.73,7.0
1727289512299,192.7201,2.0
1727289512807,192.7299,200.0
1727289513213,192.725,1000.0
1727289513385,192.7571,8.0
1727289513569,192.72,25.0
1727289513895,192.7288,1.0
1727289513991,192.7225,80.0
1727289513994,192.72,100.0
1727289513994,192.72,100.0
1727289513994,192.72,100.0
1727289513994,192.72,2.0
1727289513994,192.72,25.0
1727289514003,192.72,25.0
1727289514345,192.7201,50.0
1727289514726,192.725,13.0
1727289514726,192.725,13.0
1727289515743,192.725,1.0
1727289516378,192.7299,1.0
1727289516245,192.7567,5.0
1727289516571,192.7567,4.0
1727289516792,192.7259,18.0
1727289517029,192.73,10.0
1727289517254,192.725,100.0
1727289517254,192.72,10.0
1727289517254,192.72,25.0
1727289517254,192.72,65.0
1727289517256,192.72,100.0
1727289517504,192.72,100.0
1727289517504,192.72,100.0
1727289517506,192.72,100.0
1727289517506,192.72,100.0
1727289517507,192.725,100.0
1727289517574,192.725,1.0
1727289517866,192.728,1.0
1727289518154,192.7201,2.0
1727289518252,192.72,135.0
1727289518252,192.72,10.0
1727289518252,192.72,33.0
1727289518252,192.72,100.0
1727289518252,192.72,17.0
1727289518253,192.72,83.0
1727289518253,192.72,100.0
1727289518253,192.715,100.0
1727289518253,192.72,1.0
1727289518253,192.72,100.0
1727289518509,192.71,20.0
1727289518513,192.71,300.0
1727289518513,192.72,2.0
1727289518514,192.71,200.0
1727289518514,192.72,1.0
1727289518515,192.715,98.0
1727289518515,192.71,2.0
1727289518518,192.71,100.0
1727289518671,192.72,100.0
1727289518671,192.72,1.0
1727289518671,192.72,49.0
1727289518671,192.72,30.0
1727289519230,192.725,1.0
1727289519425,192.7549,67.0
1727289520233,192.725,6.0
1727289520275,192.725,29.0
1727289520307,192.7209,29.0
1727289520527,192.72,100.0
1727289520527,192.72,44.0
1727289520527,192.72,56.0
1727289520528,192.72,1.0
1727289520528,192.72,5.0
1727289520606,192.725,1.0
1727289521037,192.7188,1.0
1727289521266,192.71,12.0
1727289521266,192.71,20.0
1727289521266,192.71,100.0
1727289521266,192.71,10.0
1727289521266,192.7,3.0
1727289521266,192.7,2500.0
1727289521266,192.7,55.0
1727289521266,192.7,9.0
1727289521266,192.7,100.0
1727289521266,192.7181,56.0
1727289521267,192.7,600.0
1727289521267,192.7,4.0
1727289521267,192.7,100.0
1727289521269,192.7,500.0
1727289521269,192.7,101.0
1727289521269,192.7,21.0
1727289521269,192.7,1.0
1727289521270,192.7,180.0
1727289521270,192.7,20.0
1727289521270,192.7,100.0
1727289521270,192.7,10.0
1727289521270,192.7,100.0
1727289521519,192.71,10.0
1727289521277,192.7,70.0
1727289521277,192.7,15.0
1727289521343,192.7509,1.0
1727289521810,192.705,1.0
1727289522057,192.7088,1.0
1727289522112,192.7,6.0
1727289522112,192.7,56.0
1727289522113,192.7,5.0
1727289522115,192.7,44.0
1727289522798,192.704,11.0
1727289522798,192.704,19.0
1727289522283,192.7,30.0
1727289522283,192.7,70.0
1727289522283,192.7,49.0
1727289522283,192.7,100.0
1727289522284,192.7,100.0
1727289522284,192.7,25.0
1727289523840,192.6869,1.0
1727289523877,192.6808,6.0
1727289522868,192.7016,384.0
1727289522869,192.7,7.0
1727289522868,192.7,200.0
1727289524064,192.681,2.0
1727289524096,192.6812,1.0
1727289524148,192.6849,79.0
1727289524170,192.6809,61.0
1727289524006,192.6801,1.0
1727289523064,192.695,2.0
1727289524183,192.6849,12.0
1727289524213,192.68,39.0
1727289524231,192.6836,19.0
1727289524411,192.681,6.0
1727289524273,192.6849,10.0
1727289524292,192.685,2.0
1727289524472,192.6835,1.0
1727289523166,192.695,8.0
1727289524573,192.685,1.0
1727289525579,192.685,50.0
1727289523214,192.6943,88.0
1727289523216,192.695,98.0
1727289523216,192.69,5.0
1727289523216,192.69,5.0
1727289523216,192.69,18.0
1727289523216,192.69,20.0
1727289523216,192.69,200.0
1727289523216,192.69,2.0
1727289523216,192.69,5.0
1727289523216,192.69,20.0
1727289523216,192.69,100.0
1727289523216,192.69,100.0
1727289523216,192.69,15.0
1727289523216,192.69,20.0
1727289523216,192.69,10.0
1727289523217,192.68,12.0
1727289523217,192.68,76.0
1727289523217,192.69,20.0
1727289523217,192.68,1.0
1727289523217,192.68,50.0
1727289523217,192.68,33.0
1727289524604,192.6812,1.0
1727289523242,192.6808,7.0
1727289523243,192.681,2.0
1727289523270,192.6809,47.0
1727289523288,192.6829,2.0
1727289523328,192.6809,19.0
1727289524766,192.685,1.0
1727289525035,192.685,4.0
1727289525070,192.681,2.0
1727289523399,192.685,1.0
1727289523536,192.6809,1.0
1727289523547,192.6869,1.0
1727289523686,192.685,1.0
1727289525332,192.6808,7.0
1727289525432,192.745,28.0
1727289525804,192.7488,7.0
1727289525890,192.685,150.0
1727289526011,192.69,17.0
1727289526011,192.69,3.0
1727289526012,192.69,54.0
1727289526012,192.69,50.0
1727289526013,192.69,4.0
1727289526555,192.746,10.0
1727289526063,192.685,100.0
1727289526063,192.68,1.0
1727289526063,192.68,99.0
1727289526063,192.68,1.0
1727289526064,192.68,17.0
1727289526064,192.68,100.0
1727289526069,192.6825,31.0
1727289526070,192.6825,389.0
1727289526608,192.685,10.0
1727289526642,192.6888,1.0
1727289526644,192.6898,5.0
1727289526127,192.69,20.0
1727289526127,192.69,10.0
1727289526192,192.69,33.0
1727289526288,192.68,100.0
1727289526288,192.68,127.0
1727289526678,192.685,100.0
1727289526378,192.69,28.0
1727289526378,192.69,20.0
1727289526378,192.69,25.0
1727289526378,192.69,100.0
1727289526378,192.69,11.0
1727289526378,192.69,100.0
1727289526378,192.69,7.0
1727289526378,192.69,193.0
1727289526378,192.69,7.0
1727289526378,192.69,189.0
1727289526378,192.69,30.0
1727289526378,192.69,500.0
1727289526378,192.69,1.0
1727289526378,192.69,6.0
1727289526378,192.69,200.0
1727289526380,192.69,20.0
1727289526431,192.685,100.0
1727289526522,192.685,11.0
1727289527064,192.685,100.0
1727289527069,192.685,400.0
1727289527141,192.685,3.0
1727289527296,192.689,1.0
1727289527321,192.69,97.0
1727289527333,192.69,40.0
1727289527709,192.685,8.0
1727289527550,192.681,8.0
1727289527565,192.685,30.0
1727289527927,192.68,11.0
1727289527927,192.68,100.0
1727289527927,192.68,89.0
1727289527927,192.68,11.0
1727289527927,192.68,100.0
1727289527927,192.68,16.0
1727289527928,192.68,20.0
1727289527928,192.68,48.0
1727289528009,192.67,8.0
1727289528009,192.67,20.0
1727289528014,192.67,6.0
1727289528024,192.668,1.0
1727289528077,192.65,5.0
1727289528077,192.65,5.0
1727289528077,192.65,10.0
1727289528078,192.65,1.0
1727289528078,192.65,10.0
1727289528372,192.65,19.0
1727289528548,192.65,75.0
1727289528642,192.65,9.0
1727289528663,192.66,1.0
1727289528818,192.7183,100.0
1727289529119,192.65,99.0
1727289529119,192.65,4.0
1727289529119,192.65,1.0
1727289529122,192.65,6.0
1727289529122,192.65,7.0
1727289529123,192.65,1.0
1727289529122,192.65,1.0
1727289529703,192.6412,1.0
1727289529733,192.6401,300.0
1727289529887,192.645,60.0
1727289529887,192.645,60.0
1727289529891,192.64,80.0
1727289529896,192.64,1.0
1727289529897,192.64,1.0
1727289529898,192.64,1.0
1727289529899,192.64,100.0
1727289529899,192.64,7.0
1727289529899,192.64,9.0
1727289529899,192.64,9.0
1727289529900,192.64,2.0
1727289529902,192.6201,2170.0
1727289529903,192.63,3.0
1727289529903,192.63,7.0
1727289529903,192.63,3.0
1727289529904,192.63,19.0
1727289529904,192.6203,7.0
1727289529904,192.62,100.0
1727289529904,192.62,2.0
1727289529905,192.62,100.0
1727289529905,192.62,1.0
1727289529905,192.62,3.0
1727289529905,192.62,1.0
1727289529905,192.62,2.0
1727289529905,192.62,100.0
1727289529905,192.62,25.0
1727289529905,192.62,25.0
1727289529905,192.62,100.0
1727289529906,192.61,22.0
1727289529906,192.62,100.0
1727289529906,192.62,25.0
1727289529906,192.62,90.0
1727289529906,192.61,10.0
1727289529907,192.61,90.0
1727289529907,192.61,45.0
1727289529908,192.625,150.0
1727289532326,192.61,400.0
1727289531261,192.6275,184.0
1727289532416,192.61,51.0
1727289533653,192.6218,45.0
1727289534168,192.62,50.0
1727289533933,192.6299,1.0
1727289562038,192.7122,4.0
1727289562038,192.7122,4.0
1727289562046,192.645,21.0
1727289562046,192.645,20.0
1727289562046,192.645,21.0
1727289562046,192.645,20.0
1727289562072,192.645,30.0
1727289562072,192.645,30.0
1727289562305,192.645,3.0
1727289562305,192.645,3.0
1727289562357,192.7121,2.0
1727289562357,192.7121,1.0
1727289562360,192.6409,25.0
1727289562357,192.7121,2.0
1727289562357,192.7121,1.0
1727289562360,192.6409,25.0
1727289562609,192.6432,9.0
1727289562609,192.6432,9.0
1727289624780,192.6291,1.0
1727289624780,192.6291,1.0
1727289625183,192.6532,10.0
1727289625183,192.6532,10.0
1727289625232,192.63,10.0
1727289625234,192.63,2.0
1727289625234,192.63,6.0
1727289625234,192.63,23.0
1727289625234,192.63,27.0
1727289625234,192.63,1.0
1727289625235,192.63,2.0
1727289625232,192.63,10.0
1727289625234,192.63,2.0
1727289625234,192.63,6.0
1727289625234,192.63,23.0
1727289625234,192.63,27.0
1727289625234,192.63,1.0
1727289625235,192.63,2.0
1727289625315,192.635,2.0
1727289625315,192.63,12.0
1727289625316,192.63,3.0
1727289625316,192.63,10.0
1727289625315,192.635,2.0
1727289625315,192.63,12.0
1727289625316,192.63,3.0
1727289625316,192.63,10.0
1727289625385,192.63,1.0
1727289625385,192.63,3.0
1727289625385,192.63,1.0
1727289625385,192.63,3.0
1727289626966,192.63,2.0
1727289626966,192.63,2.0
1727289627401,192.645,100.0
1727289627402,192.65,53.0
1727289627402,192.65,10.0
1727289627402,192.65,10.0
1727289627401,192.64,2.0
1727289627401,192.64,38.0
1727289627401,192.64,53.0
1727289627401,192.64,100.0
1727289627401,192.645,100.0
1727289627402,192.65,53.0
1727289627402,192.65,10.0
1727289627402,192.65,10.0
1727289627401,192.64,2.0
1727289627401,192.64,38.0
1727289627401,192.64,53.0
1727289627401,192.64,100.0
1727289627551,192.648,30.0
1727289627551,192.648,30.0
1727289627613,192.6588,1.0
1727289627613,192.6588,1.0
1727289627652,192.65,100.0
1727289627652,192.64,100.0
1727289627652,192.64,100.0
1727289627652,192.64,100.0
1727289627652,192.64,22.0
1727289627652,192.65,100.0
1727289627652,192.64,100.0
1727289627652,192.64,100.0
1727289627652,192.64,100.0
1727289627652,192.64,22.0
1727289627767,192.64,4.0
1727289627767,192.64,4.0
1727289628308,192.645,100.0
1727289628308,192.64,6.0
1727289628308,192.64,10.0
1727289628308,192.645,100.0
1727289628308,192.64,6.0
1727289628308,192.64,10.0
1727289628352,192.65,2.0
1727289628352,192.65,2.0
1727289628503,192.6521,4.0
1727289628503,192.6521,4.0
1727289628633,192.65,1.0
1727289628633,192.65,1.0
1727289629046,192.65,25.0
1727289629046,192.65,53.0
1727289629046,192.65,25.0
1727289629046,192.65,10.0
1727289629051,192.655,1.0
1727289629052,192.64,90.0
1727289629052,192.64,10.0
1727289629052,192.64,25.0
1727289629052,192.65,100.0
1727289629052,192.64,45.0
1727289629053,192.6349,50.0
1727289629054,192.645,100.0
1727289629046,192.65,25.0
1727289629046,192.65,53.0
1727289629046,192.65,25.0
1727289629046,192.65,10.0
1727289629051,192.655,1.0
1727289629052,192.64,90.0
1727289629052,192.64,10.0
1727289629052,192.64,25.0
1727289629052,192.65,100.0
1727289629052,192.64,45.0
1727289629053,192.6349,50.0
1727289629054,192.645,100.0
1727289629129,192.64,100.0
1727289629130,192.645,55.0
1727289629129,192.64,100.0
1727289629130,192.645,55.0
1727289630024,192.65,1.0
1727289630025,192.65,1.0
1727289630024,192.65,1.0
1727289630025,192.65,1.0
1727289630168,192.65,10.0
1727289630168,192.65,10.0
1727289630627,192.65,60.0
1727289630304,192.65,10.0
1727289630304,192.65,10.0
1727289630531,192.7086,18.0
1727289630531,192.7086,18.0
1727289630627,192.65,60.0
1727289630670,192.6412,1.0
1727289630670,192.6412,1.0
1727289630744,192.65,6.0
1727289630744,192.65,6.0
1727289631015,192.65,4.0
1727289631017,192.645,16.0
1727289631017,192.645,16.0
1727289631015,192.65,4.0
1727289631160,192.645,100.0
1727289631160,192.645,100.0
1727289631270,192.6411,18.0
1727289631270,192.6411,18.0
1727289631405,192.645,60.0
1727289631405,192.645,60.0
1727289631503,192.64,186.0
1727289631503,192.64,114.0
1727289631503,192.64,100.0
1727289631503,192.64,100.0
1727289631503,192.64,100.0
1727289631503,192.64,5.0
1727289631661,192.63,1.0
1727289631661,192.63,59.0
1727289631662,192.63,139.0
1727289631662,192.63,40.0
1727289631661,192.63,1.0
1727289631661,192.63,59.0
1727289631662,192.63,139.0
1727289631662,192.63,40.0
1727289631503,192.64,186.0
1727289631503,192.64,114.0
1727289631503,192.64,100.0
1727289631503,192.64,100.0
1727289631503,192.64,100.0
1727289631503,192.64,5.0
1727289631564,192.6386,2.0
1727289631564,192.6386,2.0
1727289631596,192.631,17.0
1727289631596,192.631,17.0
1727289631782,192.635,5.0
1727289631782,192.635,65.0
1727289631782,192.635,5.0
1727289631782,192.635,65.0
1727289632315,192.6504,2.0
1727289632315,192.6504,2.0
1727289632581,192.64,90.0
1727289632581,192.64,10.0
1727289632334,192.64,6.0
1727289632334,192.64,56.0
1727289632334,192.64,6.0
1727289632334,192.64,56.0
1727289632581,192.64,90.0
1727289632581,192.64,10.0
1727289633400,192.65,60.0
1727289633400,192.65,3.0
1727289633400,192.65,60.0
1727289633400,192.65,3.0
1727289634243,192.6488,1.0
1727289634243,192.6488,1.0
1727289634751,192.6412,1.0
1727289634751,192.6412,1.0
1727289635009,192.64,10.0
1727289635009,192.64,90.0
1727289635009,192.64,10.0
1727289635009,192.64,90.0
1727289636024,192.645,100.0
1727289636024,192.645,100.0
1727289636108,192.6439,60.0
1727289636108,192.6439,60.0
1727289636600,192.6482,4.0
1727289636792,192.6488,1.0
1727289636600,192.6482,4.0
1727289636793,192.6482,8.0
1727289636792,192.6488,1.0
1727289636793,192.6482,8.0
1727289637044,192.64,6.0
1727289637044,192.64,10.0
1727289637044,192.64,100.0
1727289637044,192.64,84.0
1727289637045,192.64,100.0
1727289637044,192.64,6.0
1727289637044,192.64,10.0
1727289637044,192.64,100.0
1727289637044,192.64,84.0
1727289637045,192.64,100.0
1727289637062,192.64,19.0
1727289637062,192.64,19.0
1727289637296,192.63,25.0
1727289637296,192.63,100.0
1727289637296,192.63,25.0
1727289637296,192.63,50.0
1727289637298,192.63,5.0
1727289637298,192.63,95.0
1727289637299,192.63,100.0
1727289637296,192.63,25.0
1727289637296,192.63,100.0
1727289637296,192.63,25.0
1727289637296,192.63,50.0
1727289637298,192.63,5.0
1727289637298,192.63,95.0
1727289637299,192.63,100.0
1727289637723,192.635,4.0
1727289637724,192.635,9.0
1727289637723,192.635,4.0
1727289637724,192.635,9.0
1727289637814,192.6388,1.0
1727289637816,192.63,159.0
1727289637814,192.6388,1.0
1727289637816,192.63,159.0
1727289638184,192.646,1.0
1727289638184,192.646,1.0
1727289638227,192.64,20.0
1727289638227,192.64,20.0
1727289638448,192.64,10.0
1727289638448,192.64,25.0
1727289638448,192.64,1.0
1727289638448,192.64,74.0
1727289638448,192.64,10.0
1727289638448,192.64,25.0
1727289638448,192.64,1.0
1727289638448,192.64,74.0
1727289638324,192.6312,1.0
1727289638324,192.6312,1.0
1727289638551,192.63,10.0
1727289638551,192.63,90.0
1727289638552,192.63,100.0
1727289638553,192.63,50.0
1727289638553,192.63,2.0
1727289638551,192.63,10.0
1727289638551,192.63,90.0
1727289638552,192.63,100.0
1727289638553,192.63,50.0
1727289638553,192.63,2.0
1727289638574,192.63,1.0
1727289638574,192.63,1.0
1727289638711,192.635,4.0
1727289638711,192.635,4.0
1727289639037,192.6399,10.0
1727289639037,192.6399,10.0
1727289639449,192.635,6.0
1727289639449,192.635,6.0
1727289639628,192.635,66.0
1727289639628,192.635,66.0
1727289640236,192.635,3.0
1727289640239,192.635,1.0
1727289640236,192.635,3.0
1727289640239,192.635,1.0
1727289640461,192.6339,30.0
1727289640461,192.6339,30.0
1727289640482,192.64,13.0
1727289640482,192.64,13.0
1727289640585,192.6311,5.0
1727289640585,192.6311,5.0
1727289640796,192.6398,80.0
1727289640798,192.64,23.0
1727289640798,192.64,18.0
1727289640798,192.64,17.0
1727289640798,192.64,18.0
1727289640798,192.64,16.0
1727289640798,192.64,100.0
1727289640798,192.64,14.0
1727289640796,192.6398,80.0
1727289640798,192.64,23.0
1727289640798,192.64,18.0
1727289640808,192.64,100.0
1727289640798,192.64,17.0
1727289640798,192.64,18.0
1727289640822,192.64,100.0
1727289640798,192.64,16.0
1727289640798,192.64,100.0
1727289640798,192.64,14.0
1727289640808,192.64,100.0
1727289640822,192.64,100.0
1727289640897,192.64,100.0
1727289640897,192.64,100.0
1727289641058,192.63,20.0
1727289641061,192.63,100.0
1727289641061,192.63,100.0
1727289641062,192.63,100.0
1727289641066,192.63,100.0
1727289641058,192.63,20.0
1727289641067,192.63,1.0
1727289641069,192.63,2.0
1727289641061,192.63,100.0
1727289641061,192.63,100.0
1727289641076,192.62,6.0
1727289641077,192.63,1.0
1727289641077,192.63,53.0
1727289641062,192.63,100.0
1727289641066,192.63,100.0
1727289641067,192.63,1.0
1727289641069,192.63,2.0
1727289641077,192.63,1.0
1727289641077,192.63,53.0
1727289641076,192.62,6.0
1727289641229,192.64,100.0
1727289641229,192.64,25.0
1727289641229,192.64,34.0
1727289641229,192.64,11.0
1727289641229,192.64,100.0
1727289641229,192.64,25.0
1727289641229,192.64,34.0
1727289641229,192.64,11.0
1727289641346,192.6399,1.0
1727289641346,192.6399,1.0
1727289641668,192.6328,7.0
1727289641668,192.6328,7.0
1727289641896,192.6488,1.0
1727289641896,192.6488,1.0
1727289642060,192.64,60.0
1727289642060,192.64,60.0
1727289642195,192.635,1.0
1727289642195,192.635,1.0
1727289642314,192.63,100.0
1727289642314,192.63,100.0
1727289642314,192.63,16.0
1727289642314,192.63,10.0
1727289642314,192.63,10.0
1727289642314,192.63,25.0
1727289642314,192.63,39.0
1727289642314,192.63,100.0
1727289642314,192.63,100.0
1727289642314,192.63,16.0
1727289642314,192.63,10.0
1727289642314,192.63,10.0
1727289642314,192.63,25.0
1727289642314,192.63,39.0
1727289642565,192.63,1.0
1727289642565,192.63,100.0
1727289642565,192.62,9.0
1727289642565,192.62,20.0
1727289642565,192.62,6.0
1727289642565,192.62,2.0
1727289642565,192.62,100.0
1727289642565,192.62,15.0
1727289642565,192.62,25.0
1727289642565,192.62,22.0
1727289642566,192.63,2.0
1727289642569,192.62,100.0
1727289642565,192.63,1.0
1727289642565,192.63,100.0
1727289642565,192.62,9.0
1727289642565,192.62,20.0
1727289642565,192.62,6.0
1727289642565,192.62,2.0
1727289642565,192.62,100.0
1727289642565,192.62,15.0
1727289642565,192.62,25.0
1727289642565,192.62,22.0
1727289642566,192.63,2.0
1727289642569,192.62,100.0
1727289642690,192.63,48.0
1727289642690,192.63,48.0
1727289642736,192.625,10.0
1727289642736,192.625,10.0
1727289643937,192.6288,1.0
1727289643937,192.6288,1.0
1727289644019,192.6203,5.0
1727289644019,192.6203,5.0
1727289644871,192.6399,500.0
1727289644871,192.6399,500.0
1727289645467,192.6388,1.0
1727289645467,192.6388,1.0
1727289645779,192.6294,3.0
1727289645779,192.6294,3.0
1727289645828,192.6374,7.0
1727289645828,192.6374,7.0
1727289646522,192.625,11.0
1727289646522,192.625,11.0
1727289646894,192.625,10.0
1727289646894,192.63,40.0
1727289646894,192.63,12.0
1727289646894,192.63,20.0
1727289646894,192.63,180.0
1727289646894,192.63,1.0
1727289646894,192.63,49.0
1727289646894,192.63,1.0
1727289646895,192.63,50.0
1727289646902,192.6395,2.0
1727289646894,192.625,10.0
1727289646894,192.63,40.0
1727289646894,192.63,12.0
1727289646894,192.63,20.0
1727289646894,192.63,180.0
1727289646894,192.63,1.0
1727289646894,192.63,49.0
1727289646894,192.63,1.0
1727289646895,192.63,50.0
1727289646902,192.6395,2.0
1727289647078,192.62,19.0
1727289647080,192.62,9.0
1727289647080,192.62,91.0
1727289647078,192.62,19.0
1727289647080,192.62,9.0
1727289647080,192.62,91.0
1727289647507,192.6212,1.0
1727289647507,192.6212,1.0
1727289648217,192.626,100.0
1727289648217,192.626,100.0
1727289649085,192.625,50.0
1727289649086,192.62,100.0
1727289649086,192.62,10.0
1727289649086,192.62,90.0
1727289649087,192.625,100.0
1727289649085,192.625,50.0
1727289649086,192.62,100.0
1727289649086,192.62,10.0
1727289649086,192.62,90.0
1727289649087,192.625,100.0
1727289649191,192.6331,10.0
1727289649191,192.6331,10.0
1727289649564,192.625,10.0
1727289649564,192.625,10.0
1727289649661,192.63,60.0
1727289649661,192.63,25.0
1727289649661,192.63,1.0
1727289649661,192.63,60.0
1727289649661,192.63,25.0
1727289649661,192.63,1.0
1727289649905,192.63,40.0
1727289649905,192.63,40.0
1727289650063,192.6388,1.0
1727289650063,192.6388,1.0
1727289650572,192.6312,1.0
1727289650572,192.6312,1.0
1727289650641,192.64,12.0
1727289650641,192.64,12.0
1727289650831,192.64,40.0
1727289650831,192.64,40.0
1727289650842,192.63,47.0
1727289650842,192.63,491.0
1727289650842,192.63,100.0
1727289650842,192.63,9.0
1727289650842,192.63,47.0
1727289650842,192.63,491.0
1727289650842,192.63,100.0
1727289650842,192.63,9.0
1727289650920,192.6793,100.0
1727289650920,192.6793,100.0
1727289650941,192.6291,10.0
1727289650941,192.6291,10.0
1727289651122,192.6299,1.0
1727289651122,192.6299,1.0
1727289651249,192.63,5.0
1727289651249,192.63,5.0
1727289652475,192.63,200.0
1727289652475,192.63,200.0
1727289652989,192.63,40.0
1727289652989,192.63,28.0
1727289652989,192.63,40.0
1727289652989,192.63,28.0
1727289653277,192.6375,100.0
1727289653277,192.6375,100.0
1727289654367,192.63,100.0
1727289654368,192.63,10.0
1727289654367,192.63,100.0
1727289654368,192.63,10.0
1727289654575,192.625,24.0
1727289654575,192.625,24.0
1727289654741,192.63,1.0
1727289654741,192.63,39.0
1727289654755,192.63,20.0
1727289654741,192.63,1.0
1727289654741,192.63,39.0
1727289654755,192.63,20.0
1727289655137,192.63,2.0
1727289655137,192.63,2.0
1727289655152,192.63,2.0
1727289655152,192.63,2.0
1727289655425,192.62,4.0
1727289655425,192.62,4.0
1727289655439,192.6297,5.0
1727289655439,192.6297,5.0
1727289655651,192.62,2.0
1727289655651,192.62,2.0
1727289655675,192.6288,1.0
1727289655675,192.6288,1.0
1727289655675,192.6288,1.0
1727289655675,192.6288,1.0
1727289655686,192.6209,12.0
1727289655686,192.6209,12.0
1727289655983,192.62,8.0
1727289655983,192.62,92.0
1727289655983,192.62,8.0
1727289655983,192.62,92.0
1727289656172,192.62,100.0
1727289656172,192.62,100.0
1727289656303,192.62,1.0
1727289656303,192.62,1.0
1727289656878,192.62,3.0
1727289656882,192.62,3.0
1727289656878,192.62,3.0
1727289656882,192.62,3.0
1727289656835,192.6357,2.0
1727289656835,192.6357,2.0
1727289657122,192.621,2.0
1727289657122,192.621,2.0
1727289657245,192.625,200.0
1727289657245,192.625,300.0
1727289657245,192.625,200.0
1727289657245,192.625,300.0
1727289657336,192.625,10.0
1727289657336,192.625,10.0
1727289657733,192.625,100.0
1727289657733,192.625,100.0
1727289658216,192.6258,1.0
1727289658216,192.6258,1.0
1727289658967,192.63,4.0
1727289658453,192.6265,50.0
1727289658453,192.6265,50.0
1727289658464,192.6793,100.0
1727289658464,192.6793,100.0
1727289658480,192.6361,8.0
1727289658480,192.6361,4.0
1727289658480,192.6361,8.0
1727289658480,192.6361,4.0
1727289658653,192.625,120.0
1727289658653,192.625,120.0
1727289658759,192.625,10.0
1727289658759,192.63,9.0
1727289658759,192.63,56.0
1727289658759,192.63,21.0
1727289658759,192.63,10.0
1727289658759,192.63,100.0
1727289658759,192.63,5.0
1727289659081,192.63,1.0
1727289658759,192.625,10.0
1727289659084,192.64,1.0
1727289658759,192.63,9.0
1727289658759,192.63,56.0
1727289658759,192.63,21.0
1727289659081,192.63,1.0
1727289659084,192.64,1.0
1727289658759,192.63,10.0
1727289658759,192.63,5.0
1727289658759,192.63,100.0
1727289658820,192.63,10.0
1727289658828,192.64,6.0
1727289658820,192.63,10.0
1727289658828,192.64,6.0
1727289658959,192.63,26.0
1727289658967,192.63,4.0
1727289658959,192.63,26.0
1727289659228,192.63,11.0
1727289659228,192.63,11.0
1727289659342,192.6382,22.0
1727289659342,192.6382,22.0
1727289660014,192.64,64.0
1727289660014,192.64,20.0
1727289660014,192.64,90.0
1727289660014,192.64,64.0
1727289660014,192.64,20.0
1727289660014,192.64,90.0
1727289659528,192.64,4.0
1727289659528,192.64,3.0
1727289659528,192.64,3.0
1727289659528,192.64,10.0
1727289659528,192.64,4.0
1727289659528,192.64,3.0
1727289659528,192.64,3.0
1727289659528,192.64,10.0
1727289659661,192.638,1.0
1727289659661,192.638,1.0
1727289659754,192.6388,1.0
1727289659754,192.6388,1.0
1727289659861,192.64,100.0
1727289659861,192.64,100.0
1727289659895,192.63,1.0
1727289659895,192.63,1.0
1727289660371,192.65,9.0
1727289660371,192.65,1.0
1727289660371,192.65,16.0
1727289660371,192.65,14.0
1727289660376,192.65,12.0
1727289660371,192.65,9.0
1727289660371,192.65,1.0
1727289660371,192.65,14.0
1727289660376,192.65,12.0
1727289660371,192.65,16.0
1727289660509,192.645,15.0
1727289660509,192.645,15.0
1727289660676,192.645,10.0
1727289660676,192.645,10.0
1727289661525,192.645,5.0
1727289661526,192.645,10.0
1727289661525,192.645,5.0
1727289661526,192.645,10.0
1727289662250,192.635,1.0
1727289662250,192.635,1.0
1727289661688,192.64,100.0
1727289661688,192.64,1.0
1727289661688,192.64,100.0
1727289661689,192.63,10.0
1727289661697,192.63,100.0
1727289661688,192.64,100.0
1727289661688,192.64,1.0
1727289661688,192.64,100.0
1727289661689,192.63,10.0
1727289661697,192.63,100.0
1727289661712,192.635,26.0
1727289661713,192.6368,8.0
1727289661712,192.635,26.0
1727289661713,192.6368,8.0
1727289661810,192.6488,1.0
1727289661810,192.6488,1.0
1727289662964,192.635,100.0
1727289662964,192.635,100.0
1727289663046,192.6304,42.0
1727289663049,192.6304,41.0
1727289663046,192.6304,42.0
1727289663049,192.6304,41.0
1727289663091,192.64,70.0
1727289663092,192.64,1.0
1727289663091,192.64,70.0
1727289663092,192.64,1.0
1727289663792,192.6319,7.0
1727289663792,192.6319,7.0
1727289663961,192.6792,100.0
1727289663961,192.6792,100.0
1727289664161,192.64,20.0
1727289664161,192.64,20.0
1727289664161,192.64,20.0
1727289664161,192.64,20.0
1727289664358,192.6488,1.0
1727289664358,192.6488,1.0
1727289664358,192.6488,1.0
1727289664358,192.6488,1.0
1727289664581,192.6301,500.0
1727289664581,192.6301,500.0
1727289665001,192.635,1.0
1727289665001,192.635,1.0
1727289665189,192.635,1.0
1727289665189,192.635,1.0
1727289665467,192.6301,45.0
1727289665467,192.6301,45.0
1727289665792,192.635,1.0
1727289665792,192.635,1.0
1727289665831,192.635,6.0
1727289665832,192.635,14.0
1727289665831,192.635,6.0
1727289665832,192.635,14.0
1727289665884,192.6368,4.0
1727289665895,192.6368,1.0
1727289665912,192.6369,5.0
1727289665884,192.6368,4.0
1727289665895,192.6368,1.0
1727289665912,192.6369,5.0
1727289666335,192.63,100.0
1727289666335,192.63,3.0
1727289666335,192.63,91.0
1727289666335,192.63,9.0
1727289666336,192.63,100.0
1727289666335,192.63,100.0
1727289666335,192.63,3.0
1727289666335,192.63,91.0
1727289666335,192.63,9.0
1727289666336,192.63,100.0
1727289666394,192.625,100.0
1727289666394,192.62,100.0
1727289666395,192.62,108.0
1727289666395,192.62,1.0
1727289666394,192.625,100.0
1727289666394,192.62,100.0
1727289666395,192.62,108.0
1727289666395,192.62,1.0
1727289666395,192.62,100.0
1727289666395,192.62,91.0
1727289666395,192.62,1.0
1727289666395,192.62,10.0
1727289666395,192.62,100.0
1727289666395,192.62,9.0
1727289666395,192.62,5.0
1727289666395,192.61,1.0
1727289666395,192.61,9.0
1727289666395,192.61,9.0
1727289666395,192.62,100.0
1727289666395,192.62,91.0
1727289666395,192.62,1.0
1727289666395,192.62,10.0
1727289666395,192.62,100.0
1727289666395,192.62,9.0
1727289666395,192.62,5.0
1727289666395,192.61,1.0
1727289666395,192.61,9.0
1727289666395,192.61,9.0
1727289666499,192.61,18.0
1727289666503,192.605,150.0
1727289666503,192.605,150.0
1727289666499,192.61,18.0
1727289667630,192.6009,400.0
1727289667630,192.6009,400.0
1727289666673,192.6045,1.0
1727289666673,192.6045,1.0
1727289666721,192.6099,10.0
1727289666721,192.6099,10.0
1727289666821,192.6088,1.0
1727289666821,192.6088,1.0
1727289667962,192.605,10.0
1727289667972,192.605,7.0
1727289667962,192.605,10.0
1727289667972,192.605,7.0
1727289668442,192.6012,1.0
1727289668442,192.6012,1.0
1727289668892,192.6011,20.0
1727289668892,192.6011,20.0
1727289670251,192.605,1.0
1727289670251,192.605,1.0
1727289670406,192.605,2.0
1727289670406,192.605,2.0
1727289671168,192.6011,50.0
1727289671168,192.6011,50.0
1727289671353,192.6099,1.0
1727289671353,192.6099,1.0
1727289671436,192.61,50.0
1727289671436,192.61,9.0
1727289671436,192.61,115.0
1727289671436,192.61,100.0
1727289671436,192.61,14.0
1727289671436,192.61,11.0
1727289671436,192.61,2.0
1727289671437,192.61,5.0
1727289671437,192.61,4.0
1727289671437,192.61,54.0
1727289671437,192.61,100.0
1727289671436,192.61,50.0
1727289671436,192.61,9.0
1727289671436,192.61,115.0
1727289671436,192.61,100.0
1727289671436,192.61,14.0
1727289671436,192.61,11.0
1727289671436,192.61,2.0
1727289671437,192.61,5.0
1727289671437,192.61,4.0
1727289671437,192.61,54.0
1727289671437,192.61,100.0
1727289671484,192.62,1.0
1727289671484,192.62,1.0
1727289671540,192.6142,3.0
1727289671540,192.6142,3.0
1727289671660,192.6,300.0
1727289671661,192.61,10.0
1727289671661,192.61,100.0
1727289671661,192.61,4.0
1727289671661,192.61,28.0
1727289671661,192.6,50.0
1727289671661,192.6,5.0
1727289671661,192.6,100.0
1727289671661,192.6,1.0
1727289671661,192.6,2.0
1727289671662,192.6259,51.0
1727289671662,192.61,10.0
1727289671663,192.6,7.0
1727289671664,192.6,9.0
1727289671664,192.6,91.0
1727289671666,192.6,100.0
1727289671666,192.61,61.0
1727289671668,192.6,4.0
1727289671668,192.6,5.0
1727289671668,192.6,5.0
1727289671668,192.6,86.0
1727289671660,192.6,300.0
1727289671661,192.61,10.0
1727289671661,192.61,100.0
1727289672033,192.6,100.0
1727289671661,192.61,4.0
1727289671661,192.61,28.0
1727289672033,192.6,67.0
1727289672033,192.6,100.0
1727289672033,192.6,67.0
1727289671661,192.6,50.0
1727289671661,192.6,5.0
1727289671661,192.6,100.0
1727289671661,192.6,1.0
1727289671661,192.6,2.0
1727289671662,192.6259,51.0
1727289671662,192.61,10.0
1727289671663,192.6,7.0
1727289671664,192.6,9.0
1727289671664,192.6,91.0
1727289671666,192.6,100.0
1727289671666,192.61,61.0
1727289671668,192.6,4.0
1727289671668,192.6,5.0
1727289671668,192.6,5.0
1727289671668,192.6,86.0
1727289672110,192.605,3.0
1727289672110,192.605,3.0
1727289672119,192.6099,200.0
1727289672119,192.6099,400.0
1727289672120,192.6097,997.0
1727289672119,192.6099,200.0
1727289672119,192.6099,400.0
1727289672120,192.6097,997.0
1727289672232,192.61,4.0
1727289671910,192.6,200.0
1727289671911,192.6,100.0
1727289671910,192.6,200.0
1727289671911,192.6,100.0
1727289672244,192.61,60.0
1727289672232,192.61,4.0
1727289672244,192.61,60.0
1727289672664,192.61,100.0
1727289672664,192.61,100.0
1727289672729,192.61,1.0
1727289672729,192.61,1.0
1727289673673,192.6109,1.0
1727289673673,192.6109,1.0
1727289673746,192.6121,25.0
1727289673746,192.6121,25.0
1727289673786,192.6311,10.0
1727289673786,192.6311,10.0
1727289674506,192.62,20.0
1727289674506,192.62,20.0
1727289674506,192.62,47.0
1727289674506,192.62,53.0
1727289674506,192.62,100.0
1727289674506,192.62,100.0
1727289674507,192.6327,50.0
1727289674506,192.62,20.0
1727289674506,192.62,20.0
1727289674506,192.62,47.0
1727289674506,192.62,53.0
1727289674506,192.62,100.0
1727289674460,192.615,1.0
1727289674460,192.615,1.0
1727289674506,192.62,100.0
1727289674507,192.6327,50.0
1727289674564,192.6112,1.0
1727289674564,192.6112,1.0
1727289674580,192.619,10.0
1727289674580,192.619,10.0
1727289674759,192.6165,222.0
1727289674759,192.6165,222.0
1727289674792,192.63,1.0
1727289674792,192.63,1.0
1727289674803,192.62,12.0
1727289674806,192.62,1.0
1727289674803,192.62,12.0
1727289674806,192.62,1.0
1727289674944,192.63,34.0
1727289674944,192.63,34.0
1727289675238,192.6887,34.0
1727289675238,192.6887,34.0
