timestamp(ms since Epoch),last price,volume
1727289624328,589.7,0.055
1727289625578,589.6,0.349
1727289627685,589.7,0.019
1727289627882,589.6,0.01
1727289628554,589.6,1.301
1727289629085,589.7,0.022
1727289629087,589.7,0.022
1727289629092,589.7,0.022
1727289629097,589.7,0.022
1727289629098,589.7,0.022
1727289629099,589.7,0.022
1727289629099,589.7,0.02
1727289629105,589.7,0.021
1727289629109,589.7,0.023
1727289629119,589.7,0.022
1727289629119,589.7,0.022
1727289629303,589.7,0.056
1727289629395,589.6,0.045
1727289631008,589.6,0.008
1727289631008,589.6,0.013
1727289631008,589.6,0.848
1727289631008,589.6,0.848
1727289631008,589.6,0.009
1727289631008,589.6,0.033
1727289631008,589.6,0.081
1727289631008,589.6,0.132
1727289631008,589.6,0.009
1727289631008,589.6,0.009
1727289631008,589.6,0.009
1727289631008,589.6,0.009
1727289631008,589.6,0.009
1727289631008,589.6,0.009
1727289631008,589.6,0.009
1727289631008,589.6,0.009
1727289631008,589.6,0.009
1727289631008,589.6,0.009
1727289631008,589.6,0.009
1727289631008,589.6,0.009
1727289631008,589.6,0.009
1727289631008,589.6,0.009
1727289631008,589.6,0.009
1727289631008,589.6,0.009
1727289631008,589.6,0.009
1727289631008,589.6,0.009
1727289631008,589.6,0.009
1727289631008,589.6,0.009
1727289631008,589.6,0.009
1727289631008,589.6,0.009
1727289631008,589.6,0.009
1727289631008,589.6,0.009
1727289631008,589.6,0.009
1727289631008,589.6,0.009
1727289631008,589.6,0.009
1727289631008,589.6,0.009
1727289631008,589.6,0.009
1727289631008,589.6,0.009
1727289631008,589.6,0.009
1727289631008,589.6,0.009
1727289631008,589.6,0.009
1727289631008,589.6,0.009
1727289631008,589.6,0.009
1727289631008,589.6,0.009
1727289631008,589.6,0.009
1727289631008,589.6,0.009
1727289631008,589.6,0.009
1727289631568,589.5,0.081
1727289631752,589.5,0.016
1727289631592,589.5,1.434
1727289631592,589.5,0.298
1727289631592,589.5,2.0
1727289631592,589.5,0.848
1727289631592,589.5,0.848
1727289631592,589.5,0.009
1727289631592,589.5,0.009
1727289631592,589.5,0.089
1727289631592,589.5,0.009
1727289631592,589.5,0.009
1727289631592,589.5,0.009
1727289631592,589.5,0.009
1727289631592,589.5,0.009
1727289631592,589.5,0.009
1727289631592,589.5,0.009
1727289631592,589.5,0.009
1727289631592,589.5,0.009
1727289631592,589.5,0.009
1727289631592,589.5,0.009
1727289631592,589.5,0.009
1727289631592,589.5,0.009
1727289631592,589.5,0.009
1727289631592,589.5,0.009
1727289631592,589.5,0.009
1727289631592,589.5,0.009
1727289631592,589.5,0.009
1727289631594,589.4,0.063
1727289631598,589.4,0.132
1727289632782,589.5,0.012
1727289633130,589.4,0.089
1727289635962,589.4,4.125
1727289635995,589.4,0.011
1727289638190,589.5,0.016
1727289638695,589.4,0.027
1727289638982,589.5,6.321
1727289639266,589.5,0.022
1727289639941,589.4,0.221
1727289640156,589.4,0.3
1727289640649,589.4,3.238
1727289640649,589.4,0.009
1727289640649,589.4,2.0
1727289640649,589.4,0.013
1727289640649,589.4,0.254
1727289641563,589.4,0.01
1727289642809,589.4,0.584
1727289642809,589.4,0.848
1727289642809,589.4,0.011
1727289642809,589.4,0.009
1727289642809,589.4,0.009
1727289642809,589.4,0.054
1727289642809,589.4,0.009
1727289642809,589.4,0.009
1727289642809,589.4,0.009
1727289642809,589.4,0.009
1727289642809,589.4,0.009
1727289642809,589.4,0.009
1727289642809,589.4,0.009
1727289642809,589.4,0.009
1727289642809,589.4,0.009
1727289642809,589.4,0.009
1727289642809,589.4,0.009
1727289642809,589.4,0.009
1727289642809,589.4,0.009
1727289642809,589.4,0.009
1727289642809,589.4,0.009
1727289642809,589.4,0.009
1727289642809,589.4,0.009
1727289642809,589.4,0.009
1727289642809,589.4,0.009
1727289642809,589.4,0.009
1727289642809,589.4,0.009
1727289642809,589.4,0.009
1727289642809,589.4,0.009
1727289642809,589.4,0.009
1727289642809,589.4,0.009
1727289642809,589.4,0.009
1727289642809,589.4,0.009
1727289642809,589.4,0.009
1727289642809,589.4,0.009
1727289642809,589.4,0.009
1727289642809,589.4,0.009
1727289642809,589.4,0.009
1727289642809,589.4,0.009
1727289642809,589.4,0.009
1727289642809,589.4,0.009
1727289642809,589.4,0.009
1727289642809,589.4,0.009
1727289642886,589.4,0.016
1727289642916,589.4,0.016
1727289642921,589.4,0.016
1727289642930,589.4,0.016
1727289642943,589.4,0.016
1727289644385,589.3,0.01
1727289645138,589.3,0.055
1727289645695,589.4,0.436
1727289647469,589.3,0.009
1727289647695,589.4,0.436
1727289648423,589.4,0.069
1727289648691,589.3,0.01
1727289648696,589.4,0.436
1727289649779,589.3,0.116
1727289649860,589.3,0.01
1727289651288,589.3,0.01
1727289652433,589.4,0.274
1727289653318,589.4,0.009
1727289654065,589.4,0.218
1727289655253,589.4,0.017
1727289656933,589.3,0.01
1727289657093,589.3,0.037
1727289657309,589.3,0.971
1727289657309,589.3,2.0
1727289657309,589.3,0.848
1727289657309,589.3,0.848
1727289657309,589.3,2.288
1727289657309,589.3,0.009
1727289657309,589.3,0.009
1727289657309,589.3,0.009
1727289657309,589.3,0.009
1727289657309,589.3,0.019
1727289657309,589.3,0.009
1727289657309,589.3,0.009
1727289657309,589.3,0.009
1727289657309,589.3,0.009
1727289657309,589.3,0.009
1727289657309,589.3,0.009
1727289657309,589.3,0.009
1727289657309,589.3,0.009
1727289657309,589.3,0.009
1727289657309,589.3,0.009
1727289657309,589.3,0.009
1727289657309,589.3,0.009
1727289657309,589.3,0.009
1727289657309,589.3,0.009
1727289657309,589.3,0.009
1727289657309,589.3,0.009
1727289657309,589.3,0.009
1727289657309,589.3,0.009
1727289657309,589.3,0.009
1727289657309,589.3,0.009
1727289657309,589.3,0.009
1727289657309,589.3,0.009
1727289657309,589.3,0.009
1727289657309,589.3,0.009
1727289657309,589.3,0.009
1727289657545,589.3,0.311
1727289658104,589.2,0.009
1727289658104,589.2,0.002
1727289658104,589.2,0.073
1727289659958,589.3,0.154
1727289659528,589.3,0.169
1727289660284,589.3,0.8
1727289661426,589.3,0.008
1727289661912,589.3,0.011
1727289663019,589.3,0.024
1727289663022,589.3,0.05
1727289663024,589.3,0.042
1727289663024,589.3,0.026
1727289663026,589.3,0.043
1727289663035,589.3,0.043
1727289663036,589.3,0.05
1727289663861,589.3,0.203
1727289663880,589.2,0.01
1727289664113,589.3,0.04
1727289664378,589.3,0.057
1727289664775,589.3,0.484
1727289664777,589.3,0.283
1727289664919,589.3,0.091
1727289666607,589.3,0.283
1727289666629,589.2,0.261
1727289667937,589.3,0.266
1727289668127,589.3,0.173
1727289668149,589.2,0.03
1727289669803,589.3,0.032
1727289670203,589.2,0.043
1727289671897,589.2,0.02
1727289671795,589.2,0.066
1727289673428,589.3,0.078
1727289673429,589.2,0.034
1727289674105,589.3,0.149
1727289674385,589.2,0.035
1727289675629,589.2,1.426
1727289675629,589.2,0.848
1727289675629,589.2,0.848
1727289675629,589.2,2.746
1727289675705,589.3,0.033
1727289676034,589.3,0.067
1727289677464,589.3,0.117
1727289678095,589.3,0.017
1727289679412,589.3,0.037
1727289681757,589.3,0.016
1727289682476,589.2,0.01
1727289745189,589.8,0.035
1727289745196,589.9,0.06
1727289745664,589.8,0.011
1727289745757,589.8,3.392
1727289746069,589.9,0.061
1727289747586,589.8,0.01
1727289748234,589.9,0.036
1727289749476,589.8,0.187
1727289750993,589.9,0.107
1727289751381,589.8,0.01
1727289751724,589.9,0.155
1727289752650,589.9,0.273
1727289752800,589.9,0.097
1727289752800,589.9,0.061
1727289752800,589.9,0.097
1727289752810,589.8,1.836
1727289752810,589.8,0.847
1727289752810,589.8,0.847
1727289752810,589.8,0.132
1727289752810,589.8,0.089
1727289752810,589.8,0.081
1727289752810,589.8,0.009
1727289752810,589.8,0.009
1727289752810,589.8,0.009
1727289752810,589.8,0.009
1727289752810,589.8,0.009
1727289752810,589.8,0.009
1727289752810,589.8,0.009
1727289752810,589.8,0.009
1727289752810,589.8,0.009
1727289752810,589.8,0.009
1727289752848,589.8,0.03
1727289752855,589.8,0.025
1727289753396,589.7,0.088
1727289753399,589.7,0.081
1727289753477,589.8,0.169
1727289753435,589.7,0.132
1727289754698,589.8,0.05
1727289756536,589.7,2.33
1727289756540,589.7,0.337
1727289757518,589.7,0.01
1727289759390,589.8,0.127
1727289760335,589.7,0.694
1727289760496,589.7,0.075
1727289760972,589.8,0.016
1727289762334,589.7,0.694
1727289762567,589.8,0.143
1727289763114,589.8,0.124
1727289763335,589.7,0.694
1727289763775,589.8,0.354
1727289763777,589.8,0.061
1727289764859,589.7,0.011
1727289765039,589.7,0.331
1727289766869,589.8,0.039
1727289768937,589.8,0.119
1727289769123,589.8,0.135
1727289770229,589.7,0.049
1727289770234,589.8,0.011
1727289772269,589.7,0.595
1727289773716,589.8,0.184
1727289773748,589.8,0.016
1727289773750,589.8,0.016
1727289774025,589.8,0.144
1727289774552,589.8,0.401
1727289775524,589.7,0.01
1727289776168,589.7,0.028
1727289776555,589.7,0.025
1727289777649,589.8,0.365
1727289778156,589.7,0.545
1727289778790,589.8,0.016
1727289779117,589.8,0.594
1727289779217,589.7,0.009
1727289779411,589.8,0.008
1727289782292,589.7,0.01
1727289783876,589.7,0.003
1727289783876,589.7,0.007
1727289784538,589.7,1.993
1727289784538,589.7,0.847
1727289784538,589.7,0.847
1727289784538,589.7,0.081
1727289784538,589.7,0.132
1727289784538,589.7,0.089
1727289784538,589.7,0.025
1727289784538,589.7,0.01
1727289784538,589.7,1.182
1727289784538,589.7,0.009
1727289784539,589.7,0.009
1727289784539,589.7,0.009
1727289784539,589.7,0.009
1727289784539,589.7,0.009
1727289784539,589.7,0.009
1727289784539,589.7,0.009
1727289784539,589.7,0.009
1727289784539,589.7,0.009
1727289784539,589.7,0.009
1727289785818,589.6,0.081
1727289785828,589.6,0.089
1727289785829,589.6,0.132
1727289785911,589.7,0.016
1727289787433,589.6,0.01
1727289787272,589.7,0.268
1727289788627,589.6,0.01
1727289789399,589.7,6.799
1727289791164,589.7,0.048
1727289792832,589.6,0.009
1727289793088,589.6,0.013
1727289793296,589.7,0.016
1727289793900,589.6,0.01
1727289793953,589.7,0.023
1727289794399,589.6,0.042
1727289795170,589.6,0.016
1727289800164,589.7,0.019
1727289862825,589.6,0.224
1727289871725,589.7,0.017
1727289872592,589.7,0.959
1727289873160,589.6,0.033
1727289873718,589.6,0.043
1727289874082,589.7,0.045
1727289874082,589.7,0.049
1727289874903,589.7,0.014
1727289875056,589.7,0.022
1727289875058,589.7,0.021
1727289875060,589.7,0.022
1727289875063,589.7,0.022
1727289875064,589.7,0.022
1727289875067,589.7,0.022
1727289875068,589.7,0.025
1727289875069,589.7,0.02
1727289875079,589.7,0.022
1727289875079,589.7,0.022
1727289877186,589.7,0.033
1727289877522,589.7,0.032
1727289877608,589.7,2.236
1727289877914,589.7,0.601
1727289877917,589.7,0.024
1727289877917,589.7,0.047
1727289877917,589.7,9.799
1727289877924,589.7,8.863
1727289877924,589.7,0.009
1727289877924,589.7,0.009
1727289877924,589.7,0.009
1727289877924,589.7,0.009
1727289877924,589.7,0.009
1727289877924,589.7,0.009
1727289877924,589.7,0.009
1727289877924,589.7,0.009
1727289877924,589.7,0.009
1727289877924,589.7,0.009
1727289877924,589.7,0.009
1727289877924,589.7,0.009
1727289877924,589.7,0.009
1727289877924,589.7,0.009
1727289877924,589.7,0.009
1727289877924,589.7,0.009
1727289877924,589.7,0.009
1727289877924,589.7,0.009
1727289877924,589.7,0.009
1727289877924,589.7,0.009
1727289877924,589.7,0.009
1727289877924,589.7,0.009
1727289877924,589.7,0.009
1727289877924,589.7,0.009
1727289877924,589.7,0.009
1727289877924,589.7,0.009
1727289877924,589.7,0.009
1727289877924,589.7,0.009
1727289877924,589.7,0.009
1727289877924,589.7,0.009
1727289877924,589.7,0.009
1727289877695,589.7,0.174
1727289877785,589.7,0.848
1727289877785,589.7,1.696
1727289877856,589.7,0.014
1727289877856,589.7,0.187
1727289877857,589.7,0.015
1727289878145,589.8,0.017
1727289878586,589.8,0.034
1727289880265,589.7,0.495
1727289883112,589.8,0.088
1727289883507,589.8,0.455
1727289887308,589.8,1.695
1727289887308,589.8,0.847
1727289887962,589.7,0.066
1727289890427,589.7,0.132
1727289890451,589.7,0.314
1727289890468,589.7,1.774
1727289890935,589.8,0.423
1727289891334,589.7,0.177
1727289891334,589.7,0.048
1727289891367,589.8,0.01
1727289892228,589.7,0.173
1727289892298,589.8,0.039
1727289892935,589.8,0.422
1727289893091,589.8,0.1
1727289893114,589.8,0.899
1727289893114,589.8,2.0
1727289893114,589.8,0.013
1727289893114,589.8,0.015
1727289893114,589.8,0.009
1727289893114,589.8,0.009
1727289893114,589.8,0.009
1727289893114,589.8,0.009
1727289893114,589.8,0.009
1727289893114,589.8,0.009
1727289893114,589.8,0.009
1727289893114,589.8,0.009
1727289893114,589.8,0.009
1727289893114,589.8,0.009
1727289893114,589.8,0.009
1727289893114,589.8,0.009
1727289893114,589.8,0.009
1727289893114,589.8,0.009
1727289893114,589.8,0.009
1727289893114,589.8,0.009
1727289893114,589.8,0.009
1727289893114,589.8,0.009
1727289893114,589.8,0.009
1727289893114,589.8,0.009
1727289893935,589.9,0.422
1727289895254,589.8,0.063
1727289895608,589.8,0.032
1727289895608,589.8,0.009
1727289895608,589.8,0.095
1727289895608,589.8,0.081
1727289895608,589.8,0.089
1727289895608,589.8,0.132
1727289895608,589.8,0.009
1727289895608,589.8,0.269
1727289895608,589.8,0.009
1727289895608,589.8,0.009
1727289895608,589.8,0.009
1727289895608,589.8,0.009
1727289895608,589.8,0.009
1727289895608,589.8,0.009
1727289895608,589.8,0.009
1727289895608,589.8,0.009
1727289895608,589.8,0.009
1727289895608,589.8,0.009
1727289895608,589.8,0.009
1727289895608,589.8,0.009
1727289895608,589.8,0.009
1727289895608,589.8,0.009
1727289895608,589.8,0.009
1727289895608,589.8,0.009
1727289895608,589.8,0.009
1727289895978,589.8,0.009
1727289896252,589.7,0.087
1727289896361,589.7,0.034
1727289897050,589.7,0.095
1727289897053,589.7,0.089
1727289897077,589.7,0.132
1727289897077,589.7,0.081
1727289897535,589.7,0.566
1727289897518,589.7,0.015
1727289898918,589.8,0.01
1727289899534,589.7,0.567
1727289900524,589.7,0.043
1727289900535,589.7,0.567
1727289901229,589.7,2.0
1727289901229,589.7,1.695
1727289901229,589.7,2.0
1727289901229,589.7,0.209
1727289901229,589.7,0.009
1727289901232,589.7,0.009
1727289901232,589.7,0.009
1727289901232,589.7,0.009
1727289901232,589.7,0.009
1727289901232,589.7,0.009
1727289901232,589.7,0.009
1727289901232,589.7,0.009
1727289901232,589.7,0.009
1727289901232,589.7,0.009
1727289901232,589.7,0.009
1727289901232,589.7,0.009
1727289901232,589.7,0.009
1727289901232,589.7,0.009
1727289901232,589.7,0.009
1727289901232,589.7,0.009
1727289901232,589.7,0.009
1727289901232,589.7,0.009
1727289901232,589.7,0.009
1727289901232,589.7,0.009
1727289901232,589.7,0.009
1727289901636,589.7,0.016
1727289901991,589.6,0.184
1727289904853,589.6,0.058
1727289905579,589.6,0.033
1727289905679,589.6,0.024
1727289905788,589.7,0.012
1727289906380,589.7,0.019
1727289907484,589.6,0.009
1727289907692,589.6,0.01
1727289907945,589.7,0.875
1727289908896,589.7,0.063
1727289908896,589.7,0.017
1727289908896,589.7,0.009
1727289908896,589.7,0.009
1727289908896,589.7,0.009
1727289908896,589.7,0.009
1727289908896,589.7,0.009
1727289908896,589.7,0.008
1727289908896,589.7,0.001
1727289908896,589.7,0.009
1727289908896,589.7,0.009
1727289908896,589.7,0.009
1727289908896,589.8,0.019
1727289908896,589.7,0.009
1727289909709,589.7,0.017
1727289909917,589.8,0.058
1727289911132,589.7,0.02
1727289911276,589.8,0.015
1727289912640,589.8,0.013
1727289914142,589.8,0.02
1727289915112,589.7,0.042
1727289915925,589.8,0.051
1727289917200,589.7,0.044
1727289917997,589.8,0.012
1727289919152,589.7,0.091
1727289920207,589.7,0.058
1727289920501,589.8,0.186
1727289921243,589.7,0.119
1727289921243,589.7,0.136
1727289923563,589.8,0.016
1727289923827,589.7,0.009
1727289984671,590.1,0.024
1727289984813,590.2,0.062
1727289984952,590.1,0.09
1727289987196,590.1,0.01
1727289991247,590.1,0.01
1727289991487,590.1,0.019
1727289991587,590.2,0.024
1727289992127,590.1,0.015
1727289992477,590.1,0.099
1727289992740,590.2,0.009
1727289992940,590.1,0.249
1727289994563,590.2,0.017
1727289994689,590.1,0.02
1727289994966,590.1,0.016
1727289995306,590.1,0.028
1727289997178,590.2,1.094
1727289998151,590.1,0.2
1727289998568,590.1,0.048
1727289999586,590.2,0.098
1727290000106,590.1,0.784
1727290000138,590.2,0.013
1727290000178,590.2,0.102
1727290000671,590.1,0.256
1727290000746,590.2,0.163
1727290000746,590.2,0.091
1727290001078,590.1,0.089
1727290001078,590.1,0.001
1727290002200,590.1,0.08
1727290002200,590.1,0.009
1727290002778,590.2,0.771
1727290003768,590.1,0.005
1727290003768,590.1,0.043
1727290003768,590.1,0.033
1727290003196,590.1,0.086
1727290003196,590.1,0.132
1727290003196,590.1,0.019
1727290003989,590.2,1.175
1727290004051,590.1,0.086
1727290004780,590.2,0.082
1727290004780,590.2,0.688
1727290004663,590.1,0.132
1727290004663,590.1,0.095
1727290005780,590.2,0.77
1727290008666,590.2,0.067
1727290009160,590.2,0.52
1727290010419,590.2,1.537
1727290010617,590.1,0.019
1727290010770,590.2,0.033
1727290011553,590.2,0.01
1727290014596,590.2,0.089
1727290014615,590.1,0.011
1727290015777,590.1,0.05
1727290015888,590.2,0.07
1727290018067,590.2,0.169
1727290019631,590.0,0.095
1727290019635,590.0,0.089
1727290019646,590.0,0.131
1727290019408,590.1,1.008
1727290019408,590.1,0.081
1727290019408,590.1,0.095
1727290019408,590.1,0.132
1727290019408,590.1,0.089
1727290019408,590.1,0.009
1727290019408,590.1,0.009
1727290019408,590.1,0.009
1727290019408,590.1,0.009
1727290019408,590.1,0.009
1727290019408,590.1,0.009
1727290019408,590.1,0.009
1727290019408,590.1,0.009
1727290019408,590.1,0.009
1727290019408,590.1,0.009
1727290019408,590.1,0.009
1727290019408,590.1,0.009
1727290019408,590.1,0.009
1727290019408,590.1,0.009
1727290019408,590.1,0.009
1727290019408,590.1,0.009
1727290019408,590.1,0.009
1727290019408,590.1,0.009
1727290019408,590.1,0.009
1727290019408,590.1,0.009
1727290020107,590.0,0.051
1727290021022,590.0,0.081
1727290024814,590.0,0.012
1727290025808,590.1,0.017
1727290025913,590.0,0.05
1727290026368,590.0,0.014
1727290026641,590.1,0.035
1727290026739,590.1,0.508
1727290027604,590.0,0.089
1727290028115,590.0,0.009
1727290030274,590.0,0.272
1727290031306,590.1,0.072
1727290031299,590.0,0.052
1727290031539,590.1,0.346
1727290031776,590.1,0.015
1727290032282,590.1,0.103
1727290032416,590.1,0.016
1727290032495,590.1,0.027
1727290032542,590.0,0.123
1727290032922,590.0,0.102
1727290032922,590.0,0.153
1727290033163,590.0,1.57
1727290033163,590.0,0.013
1727290033163,590.0,1.694
1727290033163,590.0,0.309
1727290033163,590.0,0.847
1727290033163,590.0,0.058
1727290033163,590.0,0.043
1727290033163,590.0,0.345
1727290033163,590.0,0.125
1727290033163,590.0,1.165
1727290033163,590.0,0.685
1727290033676,590.1,0.016
1727290034538,590.1,0.345
1727290034546,590.0,0.032
1727290037769,590.0,0.009
1727290038165,590.1,0.031
1727290038703,590.0,0.237
1727290039875,590.1,0.053
1727290040286,590.1,0.274
1727290040605,590.1,0.025
1727290042598,590.0,0.011
1727290108472,590.2,0.1
1727290110175,590.2,0.156
1727290110175,590.2,0.013
1727290110616,590.1,0.109
1727290110992,590.1,0.035
1727290111206,590.2,0.724
1727290111395,590.2,0.057
1727290111813,590.2,0.376
1727290112332,590.1,0.015
1727290112730,590.2,0.016
1727290113397,590.2,0.841
1727290113410,590.2,0.036
1727290113976,590.2,0.013
1727290114008,590.2,0.012
1727290114104,590.2,2.905
1727290114819,590.2,0.011
1727290116984,590.1,0.327
1727290117302,590.2,0.016
1727290117518,590.1,0.175
1727290118234,590.2,0.018
1727290118867,590.2,0.917
1727290119308,590.2,0.03
1727290123219,590.2,0.254
1727290123540,590.2,0.021
1727290125087,590.1,0.01
1727290125890,590.1,0.044
1727290128633,590.1,0.012
1727290129474,590.2,0.082
1727290129475,590.2,0.034
1727290129912,590.1,0.011
1727290130901,590.1,0.04
1727290132463,590.2,0.033
1727290134533,590.2,0.085
1727290134739,590.2,0.03
1727290136603,590.2,0.008
1727290138317,590.1,0.692
1727290139627,590.1,0.056
1727290140115,590.2,0.169
1727290140893,590.2,0.091
1727290141674,590.2,0.021
1727290142844,590.2,0.034
1727290143134,590.2,0.085
1727290144403,590.2,0.018
1727290144427,590.2,0.036
1727290144618,590.1,0.034
1727290145127,590.1,0.051
1727290147297,590.2,0.009
1727290148875,590.2,0.034
1727290148939,590.2,0.171
1727290150342,590.1,0.242
1727290150988,590.2,0.02
1727290152463,590.2,0.17
1727290153268,590.2,0.05
1727290153277,590.1,0.029
1727290153277,590.1,0.029
1727290153545,590.1,0.103
1727290155571,590.2,0.008
1727290155997,590.1,0.011
1727290158351,590.1,0.056
1727290158559,590.1,0.01
1727290159397,590.1,0.019
1727290161214,590.2,0.008
1727290162312,590.1,0.019
1727290162664,590.2,0.024
1727290167711,590.2,0.011
1727290225635,590.5,0.01
1727290226169,590.5,0.016
1727290227698,590.5,0.01
1727290229931,590.6,0.07
1727290230855,590.6,0.026
1727290230986,590.5,0.12
1727290231112,590.6,0.122
1727290233019,590.6,0.084
1727290233368,590.6,0.009
1727290233974,590.6,0.818
1727290233974,590.6,0.013
1727290233974,590.6,0.475
1727290234007,590.6,0.009
1727290234007,590.6,0.009
1727290234007,590.6,0.009
1727290234007,590.6,0.009
1727290234007,590.6,0.009
1727290234007,590.6,0.009
1727290234007,590.6,0.009
1727290234007,590.6,0.009
1727290234007,590.6,0.009
1727290234007,590.6,0.009
1727290234007,590.6,0.009
1727290234007,590.6,0.009
1727290234007,590.6,0.009
1727290234007,590.6,0.009
1727290234007,590.6,0.009
1727290234007,590.6,0.009
1727290234007,590.6,0.009
1727290234007,590.6,0.009
1727290234007,590.6,0.009
1727290234007,590.6,0.009
1727290234007,590.6,0.009
1727290234007,590.6,0.009
1727290234007,590.6,0.009
1727290234007,590.6,0.009
1727290234007,590.6,0.009
1727290234007,590.6,0.009
1727290234007,590.6,0.009
1727290234007,590.6,0.009
1727290234007,590.6,0.009
1727290234007,590.6,0.009
1727290234080,590.7,0.012
1727290234080,590.7,0.034
1727290234080,590.7,0.013
1727290234080,590.7,0.095
1727290234080,590.7,0.013
1727290234080,590.7,0.018
1727290234080,590.7,0.01
1727290234080,590.7,0.016
1727290234080,590.7,0.047
1727290234080,590.7,0.01
1727290234080,590.7,2.273
1727290234080,590.7,0.867
1727290234080,590.7,1.77
1727290234589,590.6,0.212
1727290234646,590.6,0.115
1727290235221,590.6,0.066
1727290235912,590.7,0.05
1727290235974,590.7,1.307
1727290235990,590.7,0.196
1727290236204,590.7,0.055
1727290236975,590.7,1.307
1727290237081,590.6,0.181
1727290237655,590.7,0.018
1727290237682,590.7,0.025
1727290238308,590.7,0.017
1727290238342,590.6,0.249
1727290238391,590.6,0.07
1727290238519,590.7,0.016
1727290239148,590.6,0.036
1727290239792,590.6,0.19
1727290240966,590.7,0.016
1727290241075,590.7,0.107
1727290240864,590.7,0.022
1727290241753,590.6,0.039
1727290242199,590.7,0.117
1727290242670,590.6,0.27
1727290244636,590.7,0.235
1727290244639,590.7,0.019
1727290244704,590.6,0.18
1727290245308,590.7,0.556
1727290245624,590.6,0.045
1727290245939,590.7,0.016
1727290245968,590.7,0.016
1727290245970,590.7,0.016
1727290245970,590.7,0.016
1727290246219,590.6,0.016
1727290246765,590.7,0.693
1727290246821,590.6,0.01
1727290246934,590.6,0.28
1727290247836,590.7,0.016
1727290249394,590.6,0.01
1727290249531,590.6,0.18
1727290249784,590.7,0.016
1727290250049,590.7,0.182
1727290250729,590.7,0.016
1727290250832,590.6,0.01
1727290250876,590.7,0.846
1727290250879,590.7,0.093
1727290252278,590.6,1.2
1727290252483,590.6,0.28
1727290252924,590.6,0.041
1727290253869,590.6,0.016
1727290254056,590.6,0.01
1727290254801,590.6,0.19
1727290255094,590.6,0.038
1727290255311,590.6,0.06
1727290256241,590.7,0.028
1727290257134,590.6,0.02
1727290257148,590.6,0.27
1727290257693,590.7,0.097
1727290257867,590.7,0.016
1727290257888,590.6,0.01
1727290259800,590.6,0.189
1727290259703,590.7,0.084
1727290260132,590.7,0.07
1727290261946,590.7,0.01
1727290262408,590.6,0.281
1727290262695,590.6,0.009
1727290263708,590.6,0.052
1727290263748,590.6,0.131
1727290263843,590.7,0.016
1727290264320,590.6,0.132
1727290264057,590.7,0.01
1727290264546,590.6,0.18
1727290266114,590.6,0.034
1727290266118,590.6,0.028
1727290266173,590.6,0.677
1727290266173,590.6,0.132
1727290266173,590.6,0.089
1727290266173,590.6,0.095
1727290266173,590.6,0.081
1727290266173,590.6,0.846
1727290266173,590.6,0.846
1727290266173,590.6,0.507
1727290266173,590.6,0.338
1727290266173,590.6,2.37
1727290266173,590.6,2.426
1727290266173,590.6,0.024
1727290266173,590.6,0.622
1727290266173,590.6,0.016
1727290266173,590.6,1.0
1727290266173,590.6,0.076
1727290266173,590.6,0.084
1727290266173,590.6,0.017
1727290266173,590.6,0.267
1727290266173,590.6,0.009
1727290266173,590.6,0.009
1727290266173,590.6,0.009
1727290266173,590.6,0.009
1727290266173,590.6,0.009
1727290266321,590.5,0.061
1727290266786,590.5,0.043
1727290266786,590.5,0.237
1727290266908,590.5,1.763
1727290266908,590.5,0.013
1727290266908,590.5,0.009
1727290266908,590.5,0.009
1727290266908,590.5,0.009
1727290266908,590.5,0.009
1727290266908,590.5,0.009
1727290266908,590.5,0.009
1727290266908,590.5,0.009
1727290266908,590.5,0.009
1727290266908,590.5,0.009
1727290266908,590.5,0.009
1727290266015,590.6,0.01
1727290266054,590.6,0.179
1727290267724,590.4,0.016
1727290269040,590.5,0.093
1727290269296,590.5,0.056
1727290269567,590.4,0.188
1727290269725,590.4,0.026
1727290271418,590.4,0.066
1727290271574,590.4,0.081
1727290271992,590.5,0.121
1727290272242,590.4,0.28
1727290273091,590.5,0.166
1727290273228,590.4,0.086
1727290273721,590.5,0.185
1727290274373,590.4,0.19
1727290274664,590.5,0.016
1727290275353,590.5,1.597
1727290275685,590.4,0.009
1727290275690,590.4,0.008
1727290276417,590.4,0.095
1727290276677,590.4,0.04
1727290276738,590.5,0.042
1727290277761,590.5,0.013
1727290278375,590.5,0.619
1727290278375,590.5,0.024
1727290278375,590.5,0.024
1727290278403,590.5,0.069
1727290279127,590.5,0.009
1727290279127,590.5,0.052
1727290279127,590.5,0.068
1727290279127,590.5,15.561
1727290279127,590.5,0.009
1727290279127,590.5,0.009
1727290279127,590.5,0.009
1727290279127,590.5,0.009
1727290279127,590.5,0.009
1727290279127,590.5,0.009
1727290279127,590.5,0.009
1727290279127,590.5,0.009
1727290279127,590.5,0.009
1727290279127,590.5,0.009
1727290279127,590.5,0.009
1727290279127,590.5,0.009
1727290279127,590.5,0.009
1727290279127,590.5,0.009
1727290279127,590.5,0.009
1727290279127,590.5,0.009
1727290279127,590.5,0.009
1727290279127,590.5,0.009
1727290279127,590.5,0.009
1727290279127,590.6,1.838
1727290279128,590.6,1.0
1727290279507,590.6,0.013
1727290279507,590.6,2.0
1727290279507,590.6,0.024
1727290279508,590.6,0.045
1727290279508,590.6,0.682
1727290279508,590.6,0.009
1727290279508,590.6,0.009
1727290279508,590.6,0.009
1727290279508,590.6,0.009
1727290279508,590.6,0.009
1727290279508,590.6,0.009
1727290279508,590.6,0.009
1727290279508,590.6,0.009
1727290279508,590.6,0.009
1727290279508,590.6,0.009
1727290280478,590.6,0.142
1727290280564,590.7,0.162
1727290280646,590.6,0.027
1727290280841,590.6,0.02
1727290280844,590.6,0.021
1727290280845,590.6,0.021
1727290280850,590.6,0.021
1727290280856,590.6,0.026
1727290280865,590.6,0.033
1727290280866,590.6,0.028
1727290280867,590.6,0.03
1727290280867,590.6,0.03
1727290282455,590.7,0.505
1727290282687,590.6,0.029
1727290283332,590.6,0.089
1727290283337,590.6,0.132
1727290284715,590.7,0.845
1727290286799,590.6,0.183
1727290286801,590.6,0.973
1727290286801,590.6,1.151
1727290286801,590.6,1.15
1727290286801,590.6,0.846
1727290286801,590.6,0.338
1727290286801,590.6,0.024
1727290286801,590.6,0.021
1727290286801,590.6,0.507
1727290286801,590.6,0.009
1727290286801,590.6,0.009
1727290286801,590.6,0.009
1727290286801,590.6,0.009
1727290286940,590.6,0.009
1727290350288,590.8,0.103
1727290351328,590.7,0.066
1727290351359,590.8,0.023
1727290351359,590.8,0.011
1727290351359,590.8,0.019
1727290352159,590.7,0.016
1727290351976,590.7,0.042
1727290353451,590.7,0.011
1727290353604,590.8,0.017
1727290355284,590.8,0.15
1727290355284,590.8,0.009
1727290355284,590.8,0.014
1727290355284,590.8,0.01
1727290355284,590.8,0.663
1727290354497,590.7,0.008
1727290355366,590.8,0.027
1727290355366,590.8,0.16
1727290359325,590.8,0.053
1727290359074,590.8,0.017
1727290359177,590.8,0.016
1727290360221,590.7,0.01
1727290363128,590.8,0.01
1727290363204,590.8,0.016
1727290363229,590.8,0.016
1727290363250,590.8,0.064
1727290363438,590.7,0.01
1727290365707,590.7,0.214
1727290365820,590.7,0.01
1727290366639,590.7,0.351
1727290369822,590.8,0.008
1727290369958,590.7,0.011
1727290370302,590.8,0.142
1727290370422,590.8,0.01
1727290370694,590.8,0.037
1727290370835,590.8,0.115
1727290371628,590.8,0.017
1727290372859,590.8,0.016
1727290374006,590.7,0.103
1727290377604,590.8,0.016
1727290379727,590.8,0.173
1727290379862,590.7,0.198
1727290381495,590.8,0.681
1727290385101,590.7,0.01
1727290385764,590.8,0.017
1727290386000,590.8,0.016
1727290386937,590.7,0.066
1727290387470,590.8,0.062
1727290387657,590.8,0.027
1727290388321,590.8,0.311
1727290388321,590.8,0.013
1727290388321,590.8,0.076
1727290388450,590.8,0.024
1727290390625,590.7,0.089
1727290390415,590.7,0.132
1727290390415,590.7,0.095
1727290390415,590.7,0.081
1727290390415,590.7,0.089
1727290390415,590.7,0.046
1727290390415,590.7,0.017
1727290390415,590.7,0.106
1727290390415,590.7,0.262
1727290390501,590.7,0.132
1727290390559,590.7,0.095
1727290390636,590.7,0.081
1727290390695,590.8,0.06
1727290391040,590.7,0.01
1727290391453,590.7,0.01
1727290391828,590.8,0.41
1727290394806,590.7,0.068
1727290395299,590.8,0.169
1727290396609,590.8,0.017
1727290398381,590.7,0.141
1727290398692,590.7,0.03
1727290398868,590.8,0.008
1727290400016,590.8,0.044
1727290400720,590.8,0.104
1727290401353,590.8,0.016
1727290402504,590.7,0.025
1727290401983,590.8,0.211
1727290402597,590.8,0.017
1727290404527,590.7,0.011
1727290404757,590.7,0.017
1727290405518,590.7,0.01
1727290469863,590.9,0.016
1727290469864,590.8,0.077
1727290469865,590.9,0.016
1727290470370,590.8,0.27
1727290471946,590.9,0.928
1727290472604,590.8,0.01
1727290472988,590.8,0.02
1727290473554,590.8,0.01
1727290474888,590.9,0.05
1727290475115,590.9,0.016
1727290475604,590.9,0.027
1727290476187,590.9,0.05
1727290476784,590.9,0.016
1727290476896,590.9,0.027
1727290477226,590.8,0.01
1727290477242,590.9,0.016
1727290478604,590.9,0.338
1727290479635,590.9,0.106
1727290479671,590.8,0.016
1727290479718,590.9,0.018
1727290479824,590.9,0.693
1727290481494,590.9,0.01
1727290483287,590.8,2.284
1727290483719,590.8,0.114
1727290484382,590.8,0.01
1727290486420,590.9,0.103
1727290486632,590.9,0.423
1727290486665,590.8,0.095
1727290488967,590.9,0.297
1727290490080,590.9,0.017
1727290489543,590.8,0.02
1727290490203,590.8,0.013
1727290490586,590.8,0.236
1727290490622,590.9,0.043
1727290491013,590.8,0.016
1727290491612,590.9,0.364
1727290492369,590.8,0.154
1727290492369,590.8,0.107
1727290492602,590.9,0.162
1727290492929,590.9,1.261
1727290492929,590.9,0.008
1727290492930,590.9,0.005
1727290492930,590.9,0.841
1727290496338,590.8,0.026
1727290497512,590.8,0.123
1727290498279,590.8,0.086
1727290499375,590.8,0.017
1727290500996,590.8,0.17
1727290501116,590.8,1.644
1727290501127,590.8,0.02
1727290501619,590.9,0.052
1727290501748,590.8,0.284
1727290501992,590.9,0.052
1727290503212,590.9,0.191
1727290503388,590.8,0.132
1727290505018,590.8,0.181
1727290505845,590.6,0.132
1727290505877,590.6,0.081
1727290505228,590.8,6.05
1727290505228,590.8,0.526
1727290505228,590.8,1.68
1727290505228,590.8,1.678
1727290505228,590.8,7.636
1727290505228,590.8,4.21
1727290505229,590.8,35.052
1727290505229,590.8,23.772
1727290505230,590.8,11.219
1727290505230,590.9,0.251
1727290505232,590.8,17.354
1727290505232,590.8,4.923
1727290505232,590.8,8.414
1727290505232,590.8,0.046
1727290505232,590.8,0.744
1727290505232,590.8,0.026
1727290505232,590.8,0.081
1727290505232,590.8,0.095
1727290505232,590.8,0.132
1727290505232,590.8,2.0
1727290505232,590.8,0.043
1727290505232,590.8,0.089
1727290505232,590.8,0.299
1727290505232,590.8,1.432
1727290505233,590.8,0.074
1727290505233,590.8,1.0
1727290505233,590.8,0.016
1727290505233,590.8,0.033
1727290505233,590.8,1.5
1727290505233,590.8,0.009
1727290505233,590.8,0.009
1727290505233,590.8,0.009
1727290505233,590.8,0.009
1727290505233,590.8,0.009
1727290505233,590.8,0.009
1727290505233,590.8,0.009
1727290505233,590.8,0.009
1727290505233,590.8,0.009
1727290505233,590.8,0.009
1727290505233,590.8,0.009
1727290505233,590.8,0.009
1727290505233,590.8,0.009
1727290505233,590.8,0.009
1727290505233,590.8,0.009
1727290505233,590.8,0.009
1727290505233,590.8,0.009
1727290505233,590.8,0.009
1727290505233,590.8,0.009
1727290505233,590.8,0.009
1727290505234,590.7,0.026
1727290505234,590.7,2.0
1727290505234,590.7,4.037
1727290505234,590.7,0.901
1727290505234,590.7,2.377
1727290505234,590.7,0.846
1727290505234,590.7,0.846
1727290505234,590.7,3.399
1727290505235,590.7,0.253
1727290505235,590.7,0.253
1727290505244,590.7,0.022
1727290505245,590.7,0.022
1727290505312,590.7,0.066
1727290505312,590.7,0.066
1727290505312,590.7,0.002
1727290505312,590.7,0.013
1727290505312,590.7,0.051
1727290505312,590.7,0.021
1727290505312,590.7,0.009
1727290505312,590.7,0.009
1727290505312,590.7,0.009
1727290505312,590.7,0.009
1727290505312,590.7,0.009
1727290505312,590.7,0.066
1727290505312,590.7,0.009
1727290505312,590.7,0.009
1727290505312,590.7,0.009
1727290505312,590.7,0.009
1727290505312,590.7,0.009
1727290505312,590.6,0.021
1727290505365,590.6,0.095
1727290505371,590.6,0.022
1727290505451,590.7,0.016
1727290505711,590.6,0.023
1727290506389,590.6,0.089
1727290506855,590.7,0.01
1727290507700,590.7,0.01
1727290508177,590.6,0.009
1727290509031,590.7,0.008
1727290509259,590.7,0.831
1727290509423,590.6,0.109
1727290510082,590.7,0.02
1727290511075,590.7,0.016
1727290512461,590.7,0.016
1727290511790,590.6,0.163
1727290512720,590.7,0.888
1727290512868,590.6,0.021
1727290513509,590.7,0.067
1727290513695,590.7,0.145
1727290514119,590.6,0.01
1727290514813,590.6,2.603
1727290515185,590.7,0.063
1727290516314,590.7,0.019
1727290517201,590.7,2.755
1727290517201,590.7,1.68
1727290517201,590.7,3.318
1727290517201,590.7,1.678
1727290517201,590.7,4.569
1727290517281,590.6,0.01
1727290517502,590.6,0.014
1727290517502,590.6,0.165
1727290517979,590.7,0.018
1727290519157,590.6,0.009
1727290519525,590.6,0.017
1727290519422,590.6,0.01
1727290519712,590.6,0.123
1727290520019,590.6,0.01
1727290520418,590.6,1.301
1727290520887,590.7,0.428
1727290520993,590.7,1.005
1727290521014,590.7,0.01
1727290521554,590.6,0.118
1727290521565,590.7,0.016
1727290521591,590.6,0.247
1727290521591,590.6,0.338
1727290521591,590.6,1.176
1727290521591,590.6,1.0
1727290521591,590.6,2.728
1727290521591,590.6,0.79
1727290521591,590.6,0.011
1727290521591,590.6,0.043
1727290521591,590.6,0.05
1727290521591,590.6,2.0
1727290521591,590.6,0.009
1727290521591,590.6,0.009
1727290521591,590.6,0.009
1727290521591,590.6,0.009
1727290521591,590.6,0.009
1727290521591,590.6,0.009
1727290521591,590.6,0.009
1727290521591,590.6,0.009
1727290521591,590.6,0.009
1727290521591,590.6,0.009
1727290521591,590.6,0.009
1727290521591,590.6,0.009
1727290521591,590.6,0.009
1727290521591,590.6,0.009
1727290521591,590.6,0.009
1727290521591,590.6,0.009
1727290521591,590.6,0.009
1727290521591,590.6,0.009
1727290521591,590.6,0.009
1727290521591,590.6,0.009
1727290521591,590.6,0.009
1727290521591,590.6,0.009
1727290521591,590.6,0.009
1727290521591,590.6,0.009
1727290521591,590.6,0.009
1727290521591,590.6,0.009
1727290521591,590.6,0.009
1727290521591,590.6,0.009
1727290521591,590.6,0.009
1727290521591,590.6,0.009
1727290521824,590.6,0.016
1727290521841,590.6,0.846
1727290521841,590.6,1.693
1727290523956,590.5,0.033
1727290526057,590.5,0.162
1727290526162,590.5,0.011
1727290526939,590.6,0.022
1727290526313,590.5,0.16
1727290526313,590.5,0.49
1727290526323,590.6,0.253
1727290526460,590.5,0.009
1727290527073,590.6,0.011
1727290527214,590.6,0.017
1727290528553,590.5,0.01
1727290530797,590.5,0.019
1727290531328,590.6,0.122
1727290592138,590.2,0.012
1727290592172,590.3,0.015
1727290593641,590.2,0.011
1727290596295,590.3,0.158
1727290598228,590.3,0.1
1727290598552,590.2,0.04
1727290603958,590.3,0.016
1727290603965,590.3,0.186
1727290604580,590.2,0.009
1727290605515,590.2,0.063
1727290605027,590.2,0.565
1727290606056,590.3,0.225
1727290607899,590.2,0.01
1727290609410,590.2,0.278
1727290610716,590.2,0.185
1727290612407,590.1,0.095
1727290611771,590.2,0.022
1727290611771,590.2,0.846
1727290611771,590.2,0.846
1727290611771,590.2,2.0
1727290611771,590.2,0.011
1727290611771,590.2,0.009
1727290611771,590.2,0.081
1727290611771,590.2,0.432
1727290611771,590.2,0.132
1727290611771,590.2,0.095
1727290611771,590.2,0.089
1727290611771,590.2,5.13
1727290611771,590.2,0.157
1727290611771,590.2,0.009
1727290611771,590.2,0.009
1727290611771,590.2,0.009
1727290611771,590.2,0.009
1727290611771,590.2,0.009
1727290611771,590.2,0.009
1727290611771,590.2,0.009
1727290611771,590.2,0.009
1727290611771,590.2,0.009
1727290611771,590.2,0.009
1727290611771,590.2,0.009
1727290611771,590.2,0.009
1727290611771,590.2,0.009
1727290611771,590.2,0.009
1727290611771,590.2,0.009
1727290611771,590.2,0.009
1727290611771,590.2,0.009
1727290611771,590.2,0.009
1727290611771,590.2,0.009
1727290611771,590.2,0.009
1727290611771,590.2,0.009
1727290611771,590.2,0.009
1727290611771,590.2,0.009
1727290611771,590.2,0.009
1727290611771,590.2,0.009
1727290611771,590.2,0.009
1727290611771,590.2,0.009
1727290611771,590.2,0.009
1727290611771,590.2,0.009
1727290612551,590.1,0.132
1727290612577,590.1,0.049
1727290612577,590.1,0.04
1727290612578,590.1,0.081
1727290613348,590.2,0.38
1727290615328,590.1,8.085
1727290615328,590.1,0.016
1727290615328,590.1,0.037
1727290615328,590.1,0.847
1727290615328,590.1,0.847
1727290615328,590.1,2.0
1727290615328,590.1,0.013
1727290615328,590.1,1.958
1727290615781,590.1,0.009
1727290616083,590.1,0.009
1727290616083,590.1,0.083
1727290616083,590.1,0.009
1727290616083,590.1,0.009
1727290616083,590.1,0.009
1727290616083,590.1,0.009
1727290616083,590.1,0.009
1727290616083,590.1,0.009
1727290616083,590.1,0.009
1727290616083,590.1,0.009
1727290616083,590.1,0.009
1727290616083,590.1,0.009
1727290616083,590.1,0.009
1727290616083,590.1,0.009
1727290616083,590.1,0.009
1727290616083,590.1,0.009
1727290616083,590.1,0.009
1727290616083,590.1,0.009
1727290616083,590.1,0.009
1727290616083,590.1,0.009
1727290616083,590.1,0.009
1727290616083,590.1,0.009
1727290616083,590.1,0.009
1727290616083,590.1,0.009
1727290616083,590.1,0.009
1727290616083,590.1,0.009
1727290616083,590.1,0.009
1727290616083,590.1,0.009
1727290616083,590.1,0.009
1727290616083,590.1,0.009
1727290616083,590.1,0.009
1727290616083,590.1,0.009
1727290616083,590.1,0.009
1727290616083,590.1,0.009
1727290616083,590.1,0.009
1727290616083,590.1,0.009
1727290616083,590.1,0.009
1727290616083,590.1,0.009
1727290616083,590.1,0.009
1727290616083,590.1,0.009
1727290616083,590.1,0.009
1727290621408,590.1,0.044
1727290623091,590.0,0.361
1727290623388,590.1,0.013
1727290625810,590.1,0.009
1727290626265,590.1,0.022
1727290627835,590.0,0.069
1727290627926,590.1,3.318
1727290627926,590.1,0.024
1727290627926,590.1,0.014
1727290627926,590.1,0.068
1727290627944,590.1,0.013
1727290627944,590.1,0.185
1727290627946,590.1,0.192
1727290627946,590.1,0.009
1727290627946,590.1,2.365
1727290628691,590.0,0.009
1727290629303,590.1,0.009
1727290629303,590.1,0.14
1727290631489,590.1,0.344
1727290631622,590.1,11.032
1727290631623,590.1,4.045
1727290631623,590.1,0.009
1727290631623,590.1,0.114
1727290631623,590.1,3.318
1727290631623,590.1,0.736
1727290631623,590.1,0.009
1727290631624,590.1,0.009
1727290631624,590.1,0.009
1727290631624,590.1,0.009
1727290631624,590.1,0.009
1727290631624,590.1,0.009
1727290631624,590.1,0.009
1727290631624,590.1,0.009
1727290631624,590.1,0.009
1727290631624,590.1,0.009
1727290631624,590.1,0.009
1727290631624,590.1,0.009
1727290631624,590.1,0.009
1727290631624,590.1,0.009
1727290631624,590.1,0.009
1727290631624,590.1,0.009
1727290631624,590.1,0.009
1727290631624,590.1,0.009
1727290631635,590.2,3.389
1727290631636,590.2,1.694
1727290632003,590.1,5.0
1727290632196,590.2,0.091
1727290633490,590.2,0.103
1727290633809,590.2,0.103
1727290634180,590.2,0.139
1727290635458,590.1,1.582
1727290635458,590.1,1.837
1727290635539,590.1,0.152
1727290636667,590.2,0.725
1727290637076,590.1,0.055
1727290637076,590.1,0.13
1727290637563,590.1,0.717
1727290637563,590.1,0.847
1727290637563,590.1,0.081
1727290637563,590.1,0.095
1727290637563,590.1,0.132
1727290637563,590.1,0.089
1727290637563,590.1,0.726
1727290637563,590.1,0.009
1727290637563,590.1,0.009
1727290637563,590.1,0.009
1727290637563,590.1,0.009
1727290637563,590.1,0.009
1727290637563,590.1,0.009
1727290637563,590.1,0.009
1727290637563,590.1,0.009
1727290637563,590.1,0.009
1727290637563,590.1,0.009
1727290637563,590.1,0.009
1727290637563,590.1,0.009
1727290637563,590.1,0.009
1727290637563,590.1,0.009
1727290637563,590.1,0.009
1727290637563,590.1,0.009
1727290637563,590.1,0.009
1727290637563,590.1,0.009
1727290637563,590.1,0.009
1727290637563,590.1,0.009
1727290637565,590.0,0.066
1727290638668,590.1,0.726
1727290638923,590.0,0.08
1727290638934,590.0,0.089
1727290638939,590.0,0.095
1727290638942,590.0,0.131
1727290640789,590.0,1.474
1727290643316,590.1,0.032
1727290644008,590.1,0.339
1727290645860,590.1,0.016
1727290647194,590.1,0.023
1727290647395,590.1,0.017
1727290648119,590.0,0.302
1727290652048,590.0,0.01
1727290652378,590.0,0.041
1727290709644,590.0,0.01
1727290710174,590.0,0.03
1727290710211,590.0,0.01
1727290713819,590.1,0.005
1727290713819,590.1,0.994
1727290714351,590.1,0.01
1727290716361,590.1,0.127
1727290716420,590.1,0.069
1727290716822,590.1,0.021
1727290717574,590.1,0.033
1727290718019,590.1,0.746
1727290718019,590.1,0.013
1727290718019,590.1,0.099
1727290719383,590.0,0.132
1727290719383,590.0,0.036
1727290719740,590.1,0.019
1727290720820,590.0,0.053
1727290720820,590.0,0.079
1727290722927,590.0,0.016
1727290722927,590.0,0.042
1727290722927,590.0,0.031
1727290724498,590.0,0.05
1727290724498,590.0,0.045
1727290724704,590.0,0.069
1727290724860,590.0,0.257
1727290725390,590.1,0.943
1727290725605,590.0,0.081
1727290726489,590.1,0.042
1727290727238,590.0,0.053
1727290728213,590.0,1.495
1727290728213,590.0,0.176
1727290731301,590.0,0.014
1727290731827,590.1,0.038
1727290732910,590.1,0.04
1727290733311,590.1,0.017
1727290734818,590.1,0.018
1727290735384,590.0,0.03
1727290736228,590.0,0.034
1727290737875,590.1,0.017
1727290740738,590.0,0.023
1727290740738,590.0,0.009
1727290740738,590.0,1.505
1727290742738,590.0,1.259
1727290742738,590.0,0.132
1727290742738,590.0,0.095
1727290742738,590.0,0.051
1727290743002,590.0,0.038
1727290743002,590.0,0.028
1727290743002,590.0,0.066
1727290743002,590.0,0.095
1727290743227,590.0,0.686
1727290743227,590.0,0.847
1727290743227,590.0,1.356
1727290743227,590.0,1.929
1727290743739,590.0,1.537
1727290743777,590.0,0.094
1727290743777,590.0,0.853
1727290743777,590.0,0.116
1727290743777,590.0,0.009
1727290743777,590.0,0.847
1727290743777,590.0,0.847
1727290743777,590.0,0.009
1727290743777,590.0,13.015
1727290743781,590.0,0.009
1727290743781,590.0,0.009
1727290743781,590.0,0.009
1727290743781,590.0,0.009
1727290743781,590.0,0.009
1727290743781,590.0,0.009
1727290743781,590.0,0.009
1727290743781,590.0,0.003
1727290743781,590.0,0.006
1727290743781,590.0,0.009
1727290743781,590.0,0.009
1727290743781,589.9,0.042
1727290743818,590.0,0.02
1727290744185,589.9,0.089
1727290745794,590.0,0.009
1727290746220,590.0,0.016
1727290747295,590.0,0.025
1727290748262,589.9,0.027
1727290747887,590.0,0.893
1727290748892,589.9,0.081
1727290750544,590.0,0.043
1727290750793,590.0,0.107
1727290751980,589.9,0.091
1727290752632,590.0,0.392
1727290752689,589.9,2.715
1727290755820,589.9,0.01
1727290756808,590.0,0.081
1727290756808,590.0,0.147
1727290756808,590.0,0.164
1727290756808,590.0,0.009
1727290756808,590.0,0.009
1727290756808,590.0,0.009
1727290756808,590.0,0.009
1727290756808,590.0,0.009
1727290756808,590.0,0.009
1727290756808,590.0,0.009
1727290756808,590.0,0.009
1727290756808,590.0,0.009
1727290756808,590.0,0.009
1727290756808,590.0,0.009
1727290756808,590.0,0.009
1727290756808,590.0,0.009
1727290756808,590.0,0.009
1727290756808,590.0,0.009
1727290756808,590.0,0.009
1727290756808,590.0,0.009
1727290756808,590.0,0.009
1727290756808,590.0,0.009
1727290756808,590.0,0.009
1727290757051,590.1,0.016
1727290758467,590.0,0.016
1727290760884,590.1,0.017
1727290761914,590.1,0.05
1727290763214,590.1,0.932
1727290763214,590.1,0.122
1727290765214,590.1,1.055
1727290766213,590.1,0.823
1727290766213,590.1,0.022
1727290766213,590.1,0.013
1727290766213,590.1,0.197
1727290766956,590.0,0.021
1727290767136,590.0,0.033
1727290767859,590.1,0.3
1727290769317,590.1,0.274
1727290770774,590.1,1.107
1727290770801,590.0,0.329
1727290771132,590.1,0.016
1727290771536,590.0,0.083
1727290773493,590.1,0.091
1727290834125,590.4,0.015
1727290834203,590.4,0.018
1727290834695,590.4,0.115
1727290834838,590.4,0.022
1727290834919,590.4,0.028
1727290834930,590.4,0.016
1727290834950,590.4,0.122
1727290834965,590.4,0.117
1727290835008,590.4,0.329
1727290835008,590.4,0.013
1727290835008,590.4,0.042
1727290835008,590.4,0.009
1727290835008,590.4,0.009
1727290835008,590.4,0.009
1727290835008,590.4,0.009
1727290835008,590.4,0.009
1727290835008,590.4,0.009
1727290835008,590.4,0.009
1727290835008,590.4,0.009
1727290835008,590.4,0.009
1727290835008,590.4,0.009
1727290835008,590.4,0.009
1727290835008,590.4,0.009
1727290835008,590.4,0.009
1727290835008,590.4,0.009
1727290835008,590.4,0.009
1727290835008,590.4,0.009
1727290835008,590.4,0.009
1727290835008,590.4,0.009
1727290835008,590.4,0.009
1727290835008,590.4,0.009
1727290835061,590.5,0.018
1727290835104,590.5,0.18
1727290835104,590.5,0.091
1727290835175,590.5,0.511
1727290835220,590.5,0.101
1727290835404,590.5,0.015
1727290835405,590.5,0.021
1727290835438,590.5,0.024
1727290835931,590.4,0.134
1727290836024,590.5,0.013
1727290836063,590.5,0.264
1727290835496,590.5,0.338
1727290836279,590.5,0.026
1727290836465,590.5,0.171
1727290836519,590.5,0.107
1727290836565,590.5,0.016
1727290836568,590.5,0.187
1727290836568,590.5,0.014
1727290836569,590.5,0.013
1727290836569,590.5,0.013
1727290836569,590.5,0.013
1727290836697,590.5,0.108
1727290837195,590.5,0.013
1727290837195,590.5,0.013
1727290837195,590.5,0.039
1727290837292,590.5,0.024
1727290837379,590.5,0.027
1727290837404,590.5,0.6
1727290837574,590.5,0.045
1727290838192,590.6,0.022
1727290837601,590.5,0.016
1727290838195,590.6,0.044
1727290837665,590.5,0.016
1727290837794,590.5,0.024
1727290838229,590.6,0.108
1727290837864,590.5,0.17
1727290837897,590.5,1.039
1727290837897,590.5,0.639
1727290837897,590.5,0.009
1727290837897,590.5,0.009
1727290837897,590.5,0.009
1727290837897,590.5,0.009
1727290837897,590.5,0.009
1727290837897,590.5,0.009
1727290837897,590.5,0.009
1727290837897,590.5,0.009
1727290837897,590.5,0.009
1727290837897,590.5,0.009
1727290837897,590.5,0.009
1727290837897,590.5,0.009
1727290837897,590.5,0.009
1727290837897,590.5,0.009
1727290837897,590.5,0.009
1727290837897,590.5,0.009
1727290837897,590.5,0.009
1727290837897,590.5,0.009
1727290837897,590.5,0.009
1727290837897,590.5,0.009
1727290837963,590.6,0.013
1727290837991,590.6,0.028
1727290838007,590.6,0.05
1727290838011,590.6,0.016
1727290838036,590.6,0.033
1727290838363,590.6,0.047
1727290838411,590.6,0.018
1727290838504,590.6,0.025
1727290838595,590.6,0.239
1727290838734,590.6,0.115
1727290838739,590.6,0.107
1727290838795,590.6,0.464
1727290839308,590.6,0.044
1727290839363,590.6,0.013
1727290838863,590.6,0.01
1727290838874,590.6,0.014
1727290839103,590.6,0.017
1727290839127,590.6,0.025
1727290839152,590.5,0.875
1727290839395,590.6,0.031
1727290839403,590.6,0.6
1727290839495,590.6,0.017
1727290839504,590.6,0.189
1727290839510,590.6,0.022
1727290839533,590.6,0.152
1727290839551,590.6,0.303
1727290839592,590.6,0.058
1727290839595,590.6,0.089
1727290839713,590.6,0.031
1727290839765,590.6,0.039
1727290839979,590.6,0.145
1727290839989,590.6,0.163
1727290839995,590.6,0.011
1727290840289,590.6,0.011
1727290840140,590.6,0.227
1727290840188,590.6,0.021
1727290840404,590.6,0.6
1727290840503,590.6,0.015
1727290840613,590.6,0.027
1727290840635,590.6,0.035
1727290841521,590.5,0.11
1727290840798,590.6,0.023
1727290840811,590.6,0.016
1727290841190,590.6,0.367
1727290841233,590.5,0.126
1727290841262,590.6,0.17
1727290842592,590.6,0.088
1727290842687,590.6,0.15
1727290842910,590.6,0.018
1727290844135,590.6,0.018
1727290844961,590.5,0.367
1727290845573,590.6,0.812
1727290845419,590.6,0.394
1727290845445,590.6,0.423
1727290845457,590.6,1.353
1727290845680,590.6,0.015
1727290846222,590.6,0.016
1727290846371,590.6,0.073
1727290850047,590.6,0.016
1727290850310,590.6,0.156
1727290850310,590.6,0.302
1727290850310,590.6,0.066
1727290850310,590.6,0.009
1727290850310,590.6,0.013
1727290850310,590.6,0.009
1727290850310,590.6,1.579
1727290850480,590.6,0.019
1727290851039,590.6,0.169
1727290850574,590.6,0.023
1727290852085,590.7,0.598
1727290852769,590.6,0.034
1727290852821,590.7,0.018
1727290852149,590.7,0.052
1727290854066,590.7,0.016
1727290850889,590.6,0.016
1727290854421,590.6,0.012
1727290851742,590.6,0.194
1727290851742,590.6,0.423
1727290851742,590.6,0.053
1727290851742,590.6,0.009
1727290851742,590.6,0.02
1727290851742,590.6,0.033
1727290851742,590.6,0.009
1727290851742,590.6,0.009
1727290851742,590.6,0.009
1727290851742,590.6,0.009
1727290851742,590.6,0.009
1727290851742,590.6,0.009
1727290851742,590.6,0.009
1727290851742,590.6,0.009
1727290851742,590.6,0.009
1727290851742,590.6,0.009
1727290851742,590.6,0.009
1727290851742,590.6,0.009
1727290851742,590.6,0.009
1727290851742,590.6,0.009
1727290851742,590.6,0.009
1727290851742,590.6,0.009
1727290851742,590.6,0.009
1727290851742,590.6,0.009
1727290851742,590.6,0.009
1727290851742,590.6,0.009
1727290851742,590.6,0.009
1727290851742,590.6,0.009
1727290851742,590.6,0.009
1727290851742,590.6,0.009
1727290851742,590.6,0.009
1727290851742,590.6,0.009
1727290851742,590.6,0.009
1727290851742,590.6,0.009
1727290851742,590.6,0.009
1727290854890,590.6,0.111
1727290855289,590.7,0.048
1727290855521,590.6,0.01
1727290859110,590.6,0.064
1727290858177,590.6,0.01
1727290859987,590.6,0.183
1727290862348,590.7,0.422
1727290863195,590.6,0.03
1727290863198,590.6,0.029
1727290863221,590.6,0.03
1727290863705,590.7,0.041
1727290863931,590.7,0.156
1727290864558,590.6,0.03
1727290865650,590.7,0.07
1727290866132,590.7,0.017
1727290866478,590.5,0.089
1727290866253,590.6,8.465
1727290866253,590.6,0.846
1727290866253,590.6,0.089
1727290866253,590.6,0.095
1727290866253,590.6,0.081
1727290866253,590.6,0.132
1727290866253,590.6,0.846
1727290866253,590.6,0.117
1727290866253,590.6,0.542
1727290866253,590.6,0.011
1727290866253,590.6,0.084
1727290866253,590.6,0.009
1727290866253,590.6,0.025
1727290866253,590.6,0.695
1727290866256,590.6,0.186
1727290866256,590.6,0.012
1727290866256,590.6,0.997
1727290866256,590.6,0.009
1727290866256,590.6,0.009
1727290866256,590.6,0.009
1727290866256,590.6,0.009
1727290866256,590.6,0.009
1727290866256,590.6,0.009
1727290866256,590.6,0.009
1727290866256,590.6,0.009
1727290866256,590.6,0.009
1727290866256,590.6,0.009
1727290866256,590.6,0.009
1727290866256,590.6,0.009
1727290866256,590.6,0.009
1727290866256,590.6,0.009
1727290866256,590.6,0.009
1727290866256,590.6,0.009
1727290866256,590.6,0.009
1727290866256,590.6,0.009
1727290866256,590.6,0.009
1727290866256,590.6,0.009
1727290866256,590.6,0.009
1727290866256,590.6,0.009
1727290866256,590.6,0.009
1727290866256,590.6,0.009
1727290866256,590.6,0.009
1727290866256,590.6,0.009
1727290866256,590.6,0.009
1727290866256,590.6,0.009
1727290866256,590.6,0.009
1727290866256,590.6,0.009
1727290866934,590.6,0.038
1727290867241,590.5,0.132
1727290866409,590.6,0.066
1727290867733,590.5,0.081
1727290867736,590.5,0.095
1727290869138,590.5,0.045
1727290867993,590.5,0.322
1727290870152,590.6,0.068
1727290871320,590.6,0.084
1727290872759,590.6,0.316
1727290873893,590.6,0.175
1727290874364,590.6,0.033
1727290877533,590.6,0.017
1727290878673,590.6,0.067
1727290878200,590.5,0.498
1727290881386,590.6,0.017
1727290881967,590.5,0.024
1727290881967,590.5,0.043
1727290883430,590.5,0.016
1727290883513,590.6,0.175
1727290884826,590.5,0.041
1727290885214,590.6,0.084
1727290885408,590.5,0.046
1727290886907,590.5,0.009
1727290887546,590.6,0.077
1727290887653,590.5,0.009
1727290887756,590.5,0.755
1727290889100,590.5,0.174
1727290888894,590.6,0.01
1727291137633,590.7,0.05
1727291139265,590.7,0.431
1727291140386,590.6,0.2
1727291141128,590.7,0.022
1727291141266,590.7,0.432
1727291142266,590.7,0.432
1727291142125,590.6,0.034
1727291143605,590.7,0.01
1727291143725,590.6,0.058
1727291144008,590.7,0.081
1727291144596,590.7,0.016
1727291146103,590.6,1.109
1727291146103,590.6,0.009
1727291146103,590.6,0.013
1727291146103,590.6,0.009
1727291146103,590.6,0.183
1727291146158,590.7,0.016
1727291147658,590.7,0.012
1727291148328,590.6,0.036
1727291148458,590.7,0.207
1727291148739,590.6,0.086
1727291148740,590.6,0.086
1727291148813,590.7,5.078
1727291149898,590.7,0.265
1727291149906,590.6,0.027
1727291149943,590.6,0.055
1727291150102,590.7,0.051
1727291150814,590.6,0.033
1727291151515,590.7,1.186
1727291152478,590.6,0.011
1727291153058,590.7,0.12
1727291153557,590.7,0.016
1727291153719,590.6,0.016
1727291153719,590.6,0.081
1727291153719,590.6,0.197
1727291153719,590.6,0.095
1727291153719,590.6,0.009
1727291153719,590.6,0.009
1727291153719,590.6,0.009
1727291153719,590.6,0.009
1727291153719,590.6,0.009
1727291153719,590.6,0.009
1727291153719,590.6,0.009
1727291153719,590.6,0.009
1727291153719,590.6,0.009
1727291153719,590.6,0.009
1727291153719,590.6,0.009
1727291153719,590.6,0.009
1727291153719,590.6,0.009
1727291153719,590.6,0.009
1727291153719,590.6,0.009
1727291153719,590.6,0.009
1727291153719,590.6,0.009
1727291153719,590.6,0.009
1727291153719,590.6,0.009
1727291153719,590.6,0.009
1727291154127,590.5,0.081
1727291154148,590.5,0.095
1727291154307,590.5,0.01
1727291157414,590.6,0.012
1727291158210,590.5,0.011
1727291158796,590.6,0.177
1727291161109,590.6,0.036
1727291161396,590.5,0.013
1727291161396,590.5,0.166
1727291163787,590.6,0.029
1727291163794,590.6,0.03
1727291163795,590.6,0.029
1727291163796,590.6,0.031
1727291163798,590.6,0.031
1727291163800,590.6,0.031
1727291163800,590.6,0.03
1727291163807,590.6,0.032
1727291164030,590.5,0.036
1727291164831,590.6,0.02
1727291164613,590.6,0.16
1727291165767,590.6,0.009
1727291167163,590.6,0.186
1727291167208,590.6,0.05
1727291167208,590.6,0.37
1727291167208,590.6,0.086
1727291167208,590.6,0.009
1727291167208,590.6,0.024
1727291167208,590.6,0.537
1727291167208,590.6,0.009
1727291167208,590.6,0.482
1727291167208,590.6,0.009
1727291167208,590.6,0.009
1727291167208,590.6,0.009
1727291167208,590.6,0.009
1727291167208,590.6,0.009
1727291167208,590.6,0.009
1727291167208,590.6,0.009
1727291167208,590.6,0.009
1727291167208,590.6,0.009
1727291167208,590.6,0.009
1727291167208,590.6,0.009
1727291167208,590.6,0.009
1727291167208,590.6,0.009
1727291167208,590.6,0.009
1727291167208,590.6,0.009
1727291167208,590.6,0.009
1727291167208,590.6,0.009
1727291167208,590.6,0.009
1727291167208,590.6,0.009
1727291167208,590.6,0.009
1727291167208,590.6,0.009
1727291167208,590.6,0.009
1727291167208,590.6,0.009
1727291167208,590.6,0.009
1727291167208,590.6,0.009
1727291167208,590.6,0.009
1727291167208,590.6,0.009
1727291167208,590.6,0.009
1727291167494,590.7,0.011
1727291169599,590.6,0.035
1727291169619,590.6,0.017
1727291170025,590.7,0.016
1727291170047,590.6,0.01
1727291170082,590.7,0.016
1727291172958,590.6,0.062
1727291173102,590.6,0.048
1727291173939,590.7,0.031
1727291178403,590.7,1.767
1727291179893,590.7,0.016
1727291181952,590.7,0.097
1727291182221,590.7,0.102
1727291182336,590.7,0.025
1727291184468,590.7,0.033
1727291184510,590.6,0.05
1727291184912,590.6,0.058
1727291185230,590.7,0.2
1727291186692,590.6,0.018
1727291186861,590.7,0.051
1727291186861,590.7,1.439
1727291186861,590.7,2.0
1727291186861,590.7,0.034
1727291186861,590.7,0.009
1727291186861,590.7,0.586
1727291186861,590.7,0.296
1727291186861,590.7,0.035
1727291186861,590.7,0.009
1727291186861,590.7,0.009
1727291186861,590.7,0.009
1727291186861,590.7,0.009
1727291186861,590.7,0.009
1727291186861,590.7,0.009
1727291186861,590.7,0.009
1727291186861,590.7,0.009
1727291186861,590.7,0.009
1727291186861,590.7,0.009
1727291186861,590.7,0.009
1727291186861,590.7,0.009
1727291186861,590.7,0.009
1727291186861,590.7,0.009
1727291186861,590.7,0.009
1727291186861,590.7,0.009
1727291186861,590.7,0.009
1727291186861,590.7,0.009
1727291186861,590.7,0.009
1727291186861,590.7,0.009
1727291186861,590.7,0.009
1727291186861,590.7,0.009
1727291186861,590.7,0.009
1727291186861,590.7,0.009
1727291186861,590.7,0.009
1727291186861,590.7,0.009
1727291186861,590.7,0.009
1727291186861,590.7,0.009
1727291186861,590.7,0.009
1727291187830,590.8,0.026
1727291189501,590.7,0.189
1727291189508,590.8,1.974
1727291189508,590.8,0.055
1727291189508,590.8,0.237
1727291189508,590.8,0.034
1727291189508,590.8,0.009
1727291189508,590.8,0.009
1727291189508,590.8,0.009
1727291189508,590.8,0.009
1727291189508,590.8,0.009
1727291189508,590.8,0.009
1727291189508,590.8,0.009
1727291189508,590.8,0.009
1727291189508,590.8,0.009
1727291189508,590.8,0.009
1727291189508,590.8,0.009
1727291189508,590.8,0.009
1727291189508,590.8,0.009
1727291189508,590.8,0.009
1727291189508,590.8,0.009
1727291189508,590.8,0.009
1727291189508,590.8,0.009
1727291189508,590.8,0.009
1727291189508,590.8,0.009
1727291189508,590.8,0.009
1727291189508,590.8,0.009
1727291189508,590.8,0.009
1727291189508,590.8,0.009
1727291189508,590.8,0.009
1727291189508,590.8,0.009
1727291189508,590.8,0.009
1727291189508,590.8,0.009
1727291189508,590.8,0.009
1727291189508,590.8,0.009
1727291189508,590.8,0.009
1727291189695,590.8,0.01
1727291189838,590.9,0.014
1727291190364,590.8,0.132
1727291190409,590.9,2.236
1727291191294,590.8,0.087
1727291192592,590.9,1.028
1727291192592,590.9,0.27
1727291194492,590.8,0.011
1727291194592,590.9,1.297
1727291261925,591.1,0.02
1727291262401,591.1,0.018
1727291262582,591.0,0.01
1727291264133,591.1,0.202
1727291264158,591.1,0.01
1727291264177,591.0,0.142
1727291264763,591.1,0.016
1727291264766,591.1,0.016
1727291264775,591.1,0.016
1727291264793,591.1,0.016
1727291264779,591.1,0.016
1727291264908,591.1,0.793
1727291265831,591.1,0.023
1727291266200,591.1,0.014
1727291266532,591.1,0.075
1727291266823,591.0,0.156
1727291267840,591.1,0.016
1727291267845,591.1,0.016
1727291267846,591.1,0.016
1727291267863,591.1,0.016
1727291268324,591.1,0.791
1727291268345,591.1,1.589
1727291269444,591.0,0.01
1727291270798,591.0,0.01
1727291270229,591.0,0.01
1727291270419,591.1,0.016
1727291271132,591.1,1.0
1727291271673,591.1,0.121
1727291271673,591.1,0.009
1727291271673,591.1,0.041
1727291271673,591.1,0.041
1727291271673,591.1,8.459
1727291271673,591.1,0.092
1727291271673,591.1,0.009
1727291271673,591.1,0.034
1727291271673,591.1,0.009
1727291271673,591.1,0.009
1727291271673,591.1,0.009
1727291271673,591.1,0.009
1727291271673,591.1,0.009
1727291271673,591.1,0.009
1727291271673,591.1,0.009
1727291271673,591.1,0.009
1727291271673,591.1,0.009
1727291271673,591.1,0.009
1727291271673,591.1,0.009
1727291271673,591.1,0.009
1727291271673,591.1,0.009
1727291271673,591.1,0.009
1727291271673,591.1,0.009
1727291271673,591.1,0.009
1727291271673,591.1,0.009
1727291271673,591.1,0.009
1727291271673,591.1,0.009
1727291271673,591.1,0.009
1727291271673,591.1,0.009
1727291271673,591.1,0.009
1727291271673,591.1,0.009
1727291271673,591.1,0.009
1727291271673,591.1,0.009
1727291271673,591.1,0.009
1727291271673,591.1,0.009
1727291271673,591.1,0.009
1727291271683,591.2,0.043
1727291271683,591.2,0.017
1727291271683,591.2,0.025
1727291271683,591.2,0.01
1727291271683,591.2,0.076
1727291271683,591.2,0.013
1727291271683,591.2,0.041
1727291271683,591.2,0.013
1727291271683,591.2,0.013
1727291271683,591.2,0.01
1727291271683,591.2,0.014
1727291271683,591.2,0.025
1727291271683,591.2,0.009
1727291271683,591.2,0.032
1727291271683,591.2,0.01
1727291271683,591.2,0.03
1727291271683,591.2,0.01
1727291271683,591.2,0.009
1727291271683,591.2,0.013
1727291271683,591.2,0.009
1727291271683,591.2,0.009
1727291271683,591.2,0.154
1727291271683,591.2,0.01
1727291271683,591.2,0.021
1727291271683,591.2,0.015
1727291271683,591.2,0.012
1727291271683,591.2,0.058
1727291271683,591.2,0.011
1727291271683,591.2,0.01
1727291271683,591.2,0.023
1727291271683,591.2,0.011
1727291271683,591.2,0.011
1727291271683,591.2,0.079
1727291271683,591.2,0.006
1727291271683,591.2,0.013
1727291271683,591.2,0.026
1727291271683,591.2,0.338
1727291271683,591.2,0.67
1727291271683,591.2,0.846
1727291271683,591.2,0.485
1727291271683,591.2,0.361
1727291271683,591.2,1.331
1727291271956,591.1,0.01
1727291272826,591.1,0.01
1727291274011,591.1,0.01
1727291274284,591.2,1.07
1727291274735,591.1,0.037
1727291275665,591.2,0.045
1727291276026,591.1,2.401
1727291276662,591.1,0.01
1727291277054,591.1,0.066
1727291277611,591.1,0.01
1727291278048,591.2,0.04
1727291278329,591.1,0.01
1727291278992,591.1,0.052
1727291280304,591.2,0.073
1727291280319,591.2,0.028
1727291280229,591.2,0.026
1727291280231,591.2,0.028
1727291280365,591.2,0.039
1727291280238,591.2,0.025
1727291280261,591.2,0.035
1727291280263,591.2,0.023
1727291280274,591.2,0.024
1727291280954,591.2,0.155
1727291281027,591.2,0.044
1727291281137,591.1,0.6
1727291281166,591.2,0.273
1727291282447,591.2,2.0
1727291282447,591.2,2.132
1727291282447,591.2,13.973
1727291282447,591.2,1.588
1727291282447,591.2,1.548
1727291282449,591.2,1.918
1727291282450,591.2,3.658
1727291282450,591.2,1.334
1727291282450,591.2,0.041
1727291282450,591.2,0.026
1727291282450,591.2,0.01
1727291282450,591.2,0.11
1727291282450,591.2,0.048
1727291282450,591.2,0.009
1727291282450,591.2,0.009
1727291282450,591.2,0.009
1727291282450,591.2,0.009
1727291282450,591.2,0.009
1727291282450,591.2,0.009
1727291282450,591.2,0.009
1727291282450,591.2,0.009
1727291282450,591.2,0.009
1727291282450,591.2,0.009
1727291282450,591.2,0.009
1727291282450,591.2,0.009
1727291282450,591.2,0.009
1727291282450,591.2,0.009
1727291282450,591.2,0.009
1727291282450,591.2,0.009
1727291282450,591.2,0.009
1727291282450,591.2,0.009
1727291282450,591.2,0.009
1727291282450,591.2,0.009
1727291282450,591.2,0.009
1727291282450,591.2,0.009
1727291282450,591.2,0.009
1727291282450,591.2,0.009
1727291282450,591.2,0.009
1727291282450,591.2,0.009
1727291282450,591.2,0.009
1727291282450,591.2,0.009
1727291282450,591.2,0.009
1727291282450,591.2,0.009
1727291282453,591.3,0.012
1727291282453,591.3,0.009
1727291282453,591.3,0.02
1727291282453,591.3,0.025
1727291282454,591.3,0.003
1727291282454,591.3,0.011
1727291282454,591.3,0.014
1727291282454,591.3,0.038
1727291282568,591.3,0.016
1727291282611,591.2,0.01
1727291283617,591.3,0.084
1727291284159,591.3,0.014
1727291284159,591.3,0.023
1727291285749,591.3,0.011
1727291285269,591.2,0.201
1727291285826,591.3,0.022
1727291285826,591.3,0.052
1727291285826,591.3,0.331
1727291285289,591.3,0.016
1727291285430,591.3,0.02
1727291285430,591.3,0.012
1727291285430,591.3,0.01
1727291285430,591.3,0.151
1727291285430,591.3,0.028
1727291285430,591.3,0.009
1727291285430,591.3,0.019
1727291285430,591.3,0.009
1727291285430,591.3,0.009
1727291285430,591.3,0.011
1727291285430,591.3,0.017
1727291285430,591.3,0.039
1727291285430,591.3,0.467
1727291286385,591.3,0.091
1727291286385,591.3,0.727
1727291286724,591.3,1.273
1727291286724,591.3,0.013
1727291286724,591.3,1.656
1727291286724,591.3,0.009
1727291286724,591.3,0.047
1727291286724,591.3,15.561
1727291286724,591.3,2.542
1727291286724,591.3,2.28
1727291286724,591.3,0.845
1727291286724,591.3,0.845
1727291286724,591.3,0.341
1727291287292,591.3,0.253
1727291287541,591.3,0.02
1727291288233,591.2,0.011
1727291288699,591.3,0.051
1727291290386,591.3,0.034
1727291290427,591.3,0.105
1727291291098,591.3,0.696
1727291292710,591.3,0.225
1727291292719,591.2,0.057
1727291293627,591.2,0.022
1727291294307,591.2,1.09
1727291294328,591.3,0.016
1727291294698,591.2,0.01
1727291294917,591.2,0.048
1727291295363,591.3,0.009
1727291295363,591.3,0.007
1727291295811,591.3,0.012
1727291295561,591.3,0.016
1727291296035,591.3,0.81
1727291296035,591.3,0.845
1727291296035,591.3,1.442
1727291296035,591.3,0.144
1727291296035,591.3,0.009
1727291296035,591.3,0.009
1727291296035,591.3,0.009
1727291296035,591.3,0.009
1727291296035,591.3,0.009
1727291296035,591.3,0.009
1727291296035,591.3,0.009
1727291296035,591.3,0.009
1727291296035,591.3,0.009
1727291296035,591.3,0.009
1727291296035,591.3,0.009
1727291296035,591.3,0.009
1727291296035,591.3,0.009
1727291296035,591.3,0.009
1727291296035,591.3,0.009
1727291296035,591.3,0.009
1727291296035,591.3,0.009
1727291296035,591.3,0.009
1727291296035,591.3,0.009
1727291296035,591.3,0.009
1727291296118,591.4,0.016
1727291297059,591.4,0.004
1727291297059,591.4,0.01
1727291297059,591.4,0.018
1727291297059,591.4,0.151
1727291297291,591.3,0.01
1727291298395,591.3,0.042
1727291298991,591.3,0.01
1727291299108,591.3,0.01
1727291300829,591.4,0.094
1727291300829,591.4,0.01
1727291300829,591.4,0.01
1727291301519,591.4,0.001
1727291301519,591.4,0.009
1727291302108,591.4,0.002
1727291302108,591.4,0.01
1727291302108,591.4,0.01
1727291302108,591.4,0.012
1727291302108,591.4,0.01
1727291302108,591.4,0.015
1727291302108,591.4,0.038
1727291302108,591.4,0.009
1727291302108,591.4,0.011
1727291302108,591.4,0.073
1727291302108,591.4,0.015
1727291302108,591.4,0.063
1727291302108,591.4,0.011
1727291302108,591.4,0.013
1727291302108,591.4,0.013
1727291302108,591.4,0.029
1727291302108,591.4,0.049
1727291302108,591.4,0.198
1727291302108,591.4,0.026
1727291302108,591.4,0.017
1727291302340,591.4,0.025
1727291304110,591.3,0.01
1727291304962,591.3,0.037
1727291305080,591.4,0.066
1727291305218,591.3,0.068
1727291305945,591.4,0.025
1727291307484,591.3,0.13
1727291309566,591.3,0.944
1727291310784,591.4,0.412
1727291310813,591.4,0.13
1727291310836,591.4,2.088
1727291312739,591.3,0.013
1727291313183,591.3,0.009
1727291313459,591.4,0.037
1727291314263,591.4,0.016
1727291314275,591.3,8.131
1727291314275,591.3,6.57
1727291314275,591.3,1.68
1727291314275,591.3,1.678
1727291314275,591.3,8.206
1727291314275,591.3,3.278
1727291314275,591.3,4.383
1727291314275,591.4,0.016
1727291317408,591.3,0.061
1727291319310,591.4,0.289
1727291377599,591.2,0.169
1727291379208,591.1,0.02
1727291379208,591.1,2.0
1727291379208,591.1,0.047
1727291379208,591.1,0.038
1727291379208,591.1,0.017
1727291379208,591.1,0.013
1727291382198,591.1,0.101
1727291382581,591.0,0.011
1727291382624,591.1,0.015
1727291382687,591.0,0.013
1727291382809,591.0,0.01
1727291383685,591.1,8.952
1727291383685,591.1,3.793
1727291383685,591.1,15.561
1727291383685,591.1,10.106
1727291383685,591.1,3.751
1727291383685,591.1,8.206
1727291383685,591.1,3.278
1727291383685,591.1,0.845
1727291383685,591.1,0.548
1727291383685,591.1,0.024
1727291383685,591.1,0.845
1727291383685,591.1,0.009
1727291383685,591.1,2.415
1727291383685,591.1,0.009
1727291383685,591.1,0.009
1727291383685,591.1,0.009
1727291383685,591.1,0.009
1727291383685,591.1,0.009
1727291383685,591.1,0.009
1727291383685,591.1,0.009
1727291383685,591.1,0.009
1727291383685,591.1,0.009
1727291383685,591.1,0.009
1727291383685,591.1,0.009
1727291383685,591.1,0.009
1727291383685,591.1,0.009
1727291383685,591.1,0.009
1727291383685,591.1,0.009
1727291383685,591.1,0.009
1727291383685,591.1,0.009
1727291383685,591.1,0.009
1727291383685,591.1,0.009
1727291383685,591.2,3.719
1727291383685,591.2,0.677
1727291383685,591.2,4.0
1727291383685,591.2,3.748
1727291383685,591.2,13.911
1727291383842,591.1,0.01
1727291384040,591.1,0.01
1727291384119,591.2,0.013
1727291384209,591.2,1.987
1727291384209,591.2,0.013
1727291384209,591.2,0.009
1727291384209,591.2,0.009
1727291384209,591.2,0.009
1727291384209,591.2,0.009
1727291384209,591.2,0.009
1727291384209,591.2,0.009
1727291384209,591.2,0.009
1727291384209,591.2,0.009
1727291384209,591.2,0.009
1727291384209,591.2,0.009
1727291384209,591.2,0.009
1727291384209,591.2,0.009
1727291384209,591.2,0.009
1727291384209,591.2,0.009
1727291384209,591.2,0.009
1727291384209,591.2,0.009
1727291384209,591.2,0.009
1727291384209,591.2,0.009
1727291384209,591.2,0.009
1727291384209,591.2,0.009
1727291384209,591.2,0.009
1727291384209,591.2,0.009
1727291384209,591.2,0.009
1727291384209,591.2,0.009
1727291384209,591.2,0.009
1727291384209,591.2,0.009
1727291384209,591.2,0.009
1727291384209,591.2,0.009
1727291384209,591.2,0.009
1727291384209,591.2,0.009
1727291384277,591.2,0.016
1727291385379,591.2,0.127
1727291385079,591.3,0.03
1727291386305,591.2,0.01
1727291387047,591.3,0.017
1727291388054,591.2,0.01
1727291388306,591.2,0.01
1727291388322,591.2,0.01
1727291388887,591.2,0.01
1727291388933,591.2,0.01
1727291389208,591.2,0.024
1727291389208,591.2,0.057
1727291389208,591.2,0.009
1727291389208,591.2,0.009
1727291389208,591.2,0.009
1727291389208,591.2,0.009
1727291389208,591.2,0.009
1727291389208,591.2,0.009
1727291389208,591.2,0.009
1727291389208,591.2,0.009
1727291389208,591.2,0.009
1727291389208,591.2,0.009
1727291389208,591.2,0.009
1727291389208,591.2,0.009
1727291389208,591.2,0.009
1727291389208,591.2,0.009
1727291389208,591.2,0.009
1727291389208,591.2,0.009
1727291389208,591.2,0.009
1727291389208,591.2,0.009
1727291389208,591.2,0.009
1727291389208,591.2,0.009
1727291389337,591.1,0.01
1727291390753,591.1,0.919
1727291390830,591.1,0.01
1727291392301,591.1,0.01
1727291392988,591.2,0.008
1727291393521,591.1,0.01
1727291393814,591.1,0.026
1727291394023,591.2,0.049
1727291396031,591.1,0.05
1727291397029,591.1,0.391
1727291397790,591.2,0.092
1727291398970,591.2,0.01
1727291399261,591.2,0.051
1727291399358,591.2,0.01
1727291399079,591.2,0.162
1727291399691,591.2,0.01
1727291400652,591.2,0.095
1727291401207,591.2,0.2
1727291401828,591.2,0.182
1727291402844,591.2,0.084
1727291403289,591.2,0.034
1727291403293,591.2,0.051
1727291403298,591.2,0.212
1727291403963,591.2,0.028
1727291403971,591.2,0.068
1727291404105,591.2,0.026
1727291405566,591.2,0.009
1727291405821,591.2,0.014
1727291406647,591.2,0.078
1727291408407,591.2,0.016
1727291408388,591.2,0.034
1727291409549,591.1,0.05
1727291411189,591.2,0.024
1727291411189,591.2,4.055
1727291411189,591.2,0.084
1727291411189,591.2,0.009
1727291411189,591.2,0.016
1727291411189,591.2,0.013
1727291411189,591.2,0.009
1727291411189,591.2,0.122
1727291411189,591.2,0.078
1727291411189,591.2,0.009
1727291411189,591.2,0.009
1727291411189,591.2,0.009
1727291411189,591.2,0.009
1727291411189,591.2,0.009
1727291411189,591.2,0.009
1727291411189,591.2,0.009
1727291411189,591.2,0.009
1727291411189,591.2,0.009
1727291411189,591.2,0.009
1727291411189,591.2,0.009
1727291411189,591.2,0.009
1727291411189,591.2,0.009
1727291411189,591.2,0.009
1727291411189,591.2,0.009
1727291411189,591.2,0.009
1727291411189,591.2,0.009
1727291411189,591.2,0.009
1727291411189,591.2,0.009
1727291411189,591.2,0.009
1727291411189,591.2,0.009
1727291411189,591.2,0.009
1727291411189,591.2,0.009
1727291411189,591.2,0.009
1727291411189,591.2,0.009
1727291411189,591.2,0.009
1727291411189,591.2,0.009
1727291411189,591.2,0.009
1727291411189,591.2,0.009
1727291411189,591.2,0.009
1727291411189,591.2,0.009
1727291411189,591.2,0.009
1727291411189,591.2,0.009
1727291411189,591.2,0.009
1727291411189,591.2,0.009
1727291411189,591.2,0.009
1727291411189,591.2,0.009
1727291411189,591.2,0.009
1727291411298,591.2,0.398
1727291411766,591.3,0.085
1727291412557,591.3,0.161
1727291412753,591.3,0.013
1727291412833,591.2,0.367
1727291414408,591.3,1.987
1727291414408,591.3,0.013
1727291414408,591.3,0.009
1727291414408,591.3,0.009
1727291414408,591.3,0.009
1727291414408,591.3,0.009
1727291414408,591.3,0.009
1727291414408,591.3,0.009
1727291414408,591.3,0.009
1727291414408,591.3,0.009
1727291414408,591.3,0.009
1727291414408,591.3,0.009
1727291414408,591.3,0.009
1727291414408,591.3,0.009
1727291414408,591.3,0.009
1727291414408,591.3,0.009
1727291414408,591.3,0.009
1727291414408,591.3,0.009
1727291414408,591.3,0.009
1727291414408,591.3,0.009
1727291414408,591.3,0.009
1727291414408,591.3,0.009
1727291414408,591.3,0.009
1727291414408,591.3,0.009
1727291414408,591.3,0.009
1727291414408,591.3,0.009
1727291414408,591.3,0.009
1727291414408,591.3,0.009
1727291414408,591.3,0.009
1727291414408,591.3,0.009
1727291414408,591.3,0.009
1727291414408,591.3,0.009
1727291414437,591.4,0.016
1727291417296,591.3,0.01
1727291414594,591.3,6.394
1727291417880,591.4,0.009
1727291415030,591.3,0.271
1727291417984,591.3,0.011
1727291418087,591.3,0.01
1727291418206,591.4,0.016
1727291418207,591.4,0.016
1727291418208,591.4,0.016
1727291418217,591.4,0.016
1727291418875,591.3,0.311
1727291418920,591.3,0.01
1727291419094,591.4,0.016
1727291420062,591.4,0.845
1727291421489,591.3,0.021
1727291421510,591.3,0.01
1727291422419,591.4,0.017
1727291423604,591.4,0.018
1727291424371,591.4,0.101
1727291424539,591.4,0.079
1727291426031,591.3,0.01
1727291426711,591.3,0.031
1727291426787,591.3,0.011
1727291427431,591.4,0.016
1727291428192,591.4,0.121
1727291428702,591.3,0.01
1727291429657,591.3,0.102
1727291429836,591.3,0.038
1727291429855,591.4,0.016
1727291429788,591.4,0.021
1727291429813,591.3,0.011
1727291430495,591.4,0.016
1727291432693,591.4,0.013
1727291432877,591.3,0.01
1727291433325,591.3,0.022
1727291433823,591.4,0.45
1727291434215,591.3,0.01
1727291435063,591.4,0.009
1727291440414,591.3,0.213
1727291503311,591.1,0.018
1727291508605,591.0,0.086
1727291508809,591.0,0.016
1727291509479,591.1,0.101
1727291509482,591.1,0.016
1727291510375,591.1,0.017
1727291510422,591.1,0.044
1727291510889,591.1,0.253
1727291512621,591.1,0.016
1727291513024,591.1,1.08
1727291515320,591.0,0.189
1727291516563,591.1,0.016
1727291516632,591.0,0.01
1727291516997,591.1,0.388
1727291519889,591.1,0.055
1727291520027,591.1,0.016
1727291520180,591.0,0.056
1727291522463,591.1,0.066
1727291523505,591.1,0.016
1727291523530,591.1,0.016
1727291524419,591.0,0.025
1727291524721,591.1,0.016
1727291527607,591.1,0.005
1727291527607,591.1,0.026
1727291527903,591.0,0.01
1727291529228,591.0,0.061
1727291530507,591.1,1.974
1727291530507,591.1,0.423
1727291530507,591.1,15.561
1727291530507,591.1,0.201
1727291530507,591.1,0.019
1727291530507,591.1,0.202
1727291530507,591.1,0.017
1727291530507,591.1,0.009
1727291530507,591.1,0.113
1727291530507,591.1,0.009
1727291530507,591.1,0.009
1727291530507,591.1,0.009
1727291530507,591.1,0.009
1727291530507,591.1,0.009
1727291530507,591.1,0.009
1727291530507,591.1,0.009
1727291530507,591.1,0.009
1727291530507,591.1,0.009
1727291530507,591.1,0.009
1727291530507,591.1,0.009
1727291530507,591.1,0.009
1727291530507,591.1,0.009
1727291530507,591.1,0.009
1727291530507,591.1,0.009
1727291530507,591.1,0.009
1727291530507,591.1,0.009
1727291530507,591.1,0.009
1727291530507,591.1,0.009
1727291530507,591.1,0.009
1727291530507,591.1,0.009
1727291530507,591.1,0.009
1727291530507,591.1,0.009
1727291530507,591.1,0.009
1727291530507,591.1,0.009
1727291530507,591.1,0.009
1727291530507,591.1,0.009
1727291530507,591.1,0.009
1727291530507,591.1,0.009
1727291530707,591.2,0.016
1727291532689,591.1,0.01
1727291534778,591.2,0.015
1727291534999,591.2,0.206
1727291535521,591.2,2.986
1727291535521,591.2,2.0
1727291535521,591.2,0.358
1727291535935,591.1,0.017
1727291536970,591.1,0.01
1727291537711,591.2,0.016
1727291537715,591.2,0.016
1727291537727,591.2,0.016
1727291537729,591.2,0.016
1727291537752,591.2,0.016
1727291539107,591.1,0.01
1727291539502,591.1,0.01
1727291539856,591.1,0.01
1727291542568,591.1,0.037
1727291543038,591.2,0.016
1727291543595,591.1,0.044
1727291545550,591.1,0.184
1727291545903,591.2,0.032
1727291545995,591.1,0.054
1727291546980,591.1,0.025
1727291547960,591.1,0.05
1727291547975,591.2,0.016
1727291547988,591.2,0.016
1727291548011,591.2,0.016
1727291548392,591.1,0.498
1727291550808,591.1,0.01
1727291551078,591.1,2.869
1727291551081,591.1,0.081
1727291551081,591.1,0.095
1727291551081,591.1,0.845
1727291551081,591.1,2.0
1727291551081,591.1,0.009
1727291551081,591.1,0.06
1727291551081,591.1,0.106
1727291551081,591.1,0.009
1727291551081,591.1,0.009
1727291551081,591.1,0.009
1727291551081,591.1,0.009
1727291551081,591.1,0.009
1727291551081,591.1,0.009
1727291551081,591.1,0.009
1727291551081,591.1,0.009
1727291551081,591.1,0.009
1727291551081,591.1,0.009
1727291551081,591.1,0.009
1727291551081,591.1,0.009
1727291551081,591.1,0.009
1727291551081,591.1,0.009
1727291551081,591.1,0.009
1727291551081,591.1,0.009
1727291551081,591.1,0.009
1727291551081,591.1,0.009
1727291551081,591.1,0.009
1727291551081,591.1,0.009
1727291551081,591.1,0.009
1727291551081,591.1,0.009
1727291551081,591.1,0.009
1727291551081,591.1,0.009
1727291551081,591.1,0.009
1727291551081,591.1,0.009
1727291551081,591.1,0.009
1727291551081,591.1,0.009
1727291551679,591.0,0.034
1727291552950,591.0,0.081
1727291552951,591.0,0.095
1727291553865,591.0,0.01
1727291555356,591.1,0.102
1727291555780,591.1,0.018
1727291555919,591.0,0.012
1727291555959,591.1,0.016
1727291624496,590.9,0.067
1727291625693,590.8,0.021
1727291625723,590.9,2.002
1727291625838,590.8,0.58
1727291625900,590.8,2.344
1727291625900,590.8,0.011
1727291625900,590.8,2.0
1727291625900,590.8,0.011
1727291625900,590.8,0.033
1727291625900,590.8,0.025
1727291625900,590.8,0.009
1727291625900,590.8,0.846
1727291625900,590.8,0.846
1727291625900,590.8,0.083
1727291625900,590.8,0.009
1727291625900,590.8,0.081
1727291625900,590.8,0.009
1727291625900,590.8,0.009
1727291625900,590.8,0.009
1727291625900,590.8,0.009
1727291625900,590.8,0.009
1727291625900,590.8,0.009
1727291625900,590.8,0.009
1727291625900,590.8,0.009
1727291625900,590.8,0.009
1727291625900,590.8,0.009
1727291625900,590.8,0.009
1727291625900,590.8,0.009
1727291625900,590.8,0.009
1727291625900,590.8,0.009
1727291625900,590.8,0.009
1727291625900,590.8,0.009
1727291625900,590.8,0.009
1727291625900,590.8,0.009
1727291625900,590.8,0.009
1727291625900,590.8,0.009
1727291625900,590.8,0.009
1727291625900,590.8,0.009
1727291625900,590.8,0.009
1727291625900,590.8,0.009
1727291625900,590.8,0.009
1727291625900,590.8,0.009
1727291625900,590.8,0.009
1727291625900,590.8,0.009
1727291626775,590.8,0.029
1727291626782,590.8,0.027
1727291626784,590.8,0.029
1727291626785,590.8,0.031
1727291626792,590.8,0.029
1727291626795,590.8,0.03
1727291626804,590.8,0.022
1727291626899,590.8,0.084
1727291627600,590.8,0.011
1727291627620,590.7,0.08
1727291627850,590.7,0.343
1727291627850,590.7,0.155
1727291628523,590.8,0.361
1727291630857,590.7,0.035
1727291630390,590.8,0.021
1727291630404,590.7,0.361
1727291630498,590.8,0.02
1727291630754,590.8,0.041
1727291631342,590.7,0.024
1727291632614,590.8,0.36
1727291632700,590.8,0.361
1727291633499,590.8,0.042
1727291634162,590.7,0.17
1727291635079,590.7,0.895
1727291635080,590.7,0.376
1727291634678,590.7,0.36
1727291637014,590.7,0.176
1727291637080,590.7,0.846
1727291637080,590.7,0.424
1727291637165,590.8,0.359
1727291637727,590.7,0.009
1727291637727,590.7,0.051
1727291637727,590.7,0.044
1727291637727,590.7,0.016
1727291637727,590.7,0.012
1727291637727,590.7,0.009
1727291637727,590.7,0.009
1727291637727,590.7,0.009
1727291637727,590.7,0.009
1727291637727,590.7,0.009
1727291637727,590.7,0.003
1727291637727,590.7,0.006
1727291637727,590.7,0.009
1727291637727,590.7,0.009
1727291637727,590.7,0.009
1727291637727,590.7,0.009
1727291637727,590.7,0.009
1727291637727,590.7,0.009
1727291637727,590.7,0.009
1727291637727,590.7,0.009
1727291637727,590.7,0.009
1727291637727,590.7,0.009
1727291637727,590.7,0.009
1727291637727,590.7,0.009
1727291637727,590.7,0.006
1727291637727,590.7,0.003
1727291637727,590.6,0.057
1727291638080,590.6,1.27
1727291638128,590.6,0.024
1727291639214,590.6,0.095
1727291639293,590.6,0.359
1727291641181,590.7,0.359
1727291641620,590.7,0.016
1727291641702,590.6,0.382
1727291641702,590.6,1.186
1727291641702,590.6,2.0
1727291641702,590.6,15.561
1727291641702,590.6,0.009
1727291641702,590.6,0.009
1727291641702,590.6,0.009
1727291641702,590.6,0.009
1727291641702,590.6,0.009
1727291641702,590.6,0.009
1727291641702,590.6,0.009
1727291641702,590.6,0.009
1727291641702,590.6,0.009
1727291641702,590.6,0.009
1727291641702,590.6,0.009
1727291641702,590.6,0.009
1727291641702,590.6,0.009
1727291641702,590.6,0.009
1727291641702,590.6,0.009
1727291641702,590.6,0.009
1727291641702,590.6,0.009
1727291641702,590.6,0.009
1727291641790,590.6,0.43
1727291643072,590.5,0.107
1727291643072,590.5,0.045
1727291643072,590.5,0.206
1727291644314,590.6,0.492
1727291644314,590.6,2.234
1727291644314,590.6,3.696
1727291644314,590.6,1.943
1727291644637,590.5,1.103
1727291644828,590.6,0.016
1727291644835,590.6,0.016
1727291644883,590.6,0.016
1727291645017,590.6,0.358
1727291646612,590.6,0.024
1727291646612,590.6,0.158
1727291646504,590.5,0.222
1727291646947,590.5,0.358
1727291647203,590.5,0.05
1727291648874,590.6,0.071
1727291649339,590.6,0.2
1727291649339,590.6,0.158
1727291649847,590.5,0.01
1727291650193,590.6,0.133
1727291650220,590.6,0.036
1727291651195,590.6,0.009
1727291651195,590.6,0.012
1727291651195,590.6,0.201
1727291651195,590.6,0.089
1727291651195,590.6,0.174
1727291651195,590.6,0.009
1727291651195,590.6,0.009
1727291651195,590.6,0.009
1727291651195,590.6,0.009
1727291651195,590.6,0.009
1727291651195,590.6,0.009
1727291651195,590.6,0.009
1727291651195,590.6,0.009
1727291651195,590.6,0.009
1727291651195,590.6,0.009
1727291651195,590.6,0.009
1727291651195,590.6,0.009
1727291651195,590.6,0.009
1727291651195,590.6,0.009
1727291651195,590.6,0.009
1727291651195,590.6,0.009
1727291651195,590.6,0.009
1727291651195,590.6,0.009
1727291651195,590.6,0.009
1727291651195,590.6,0.009
1727291651195,590.6,0.009
1727291651195,590.6,0.009
1727291651195,590.6,0.009
1727291651195,590.6,0.009
1727291651195,590.6,0.009
1727291651195,590.6,0.009
1727291651195,590.6,0.009
1727291651195,590.6,0.009
1727291651195,590.6,0.009
1727291651195,590.6,0.009
1727291651195,590.6,0.009
1727291651195,590.6,0.009
1727291651195,590.6,0.009
1727291651195,590.6,0.009
1727291651195,590.6,0.009
1727291651195,590.6,0.009
1727291651195,590.6,0.009
1727291651195,590.6,0.009
1727291651195,590.6,0.009
1727291651195,590.6,0.009
1727291651195,590.6,0.009
1727291651195,590.6,0.009
1727291651195,590.6,0.009
1727291651195,590.6,0.009
1727291651195,590.6,0.009
1727291651195,590.6,0.009
1727291651195,590.6,0.009
1727291651195,590.6,0.009
1727291651195,590.6,0.009
1727291651217,590.6,0.357
1727291651768,590.7,0.324
1727291651848,590.7,0.018
1727291652272,590.7,0.401
1727291652524,590.6,0.029
1727291653157,590.6,0.453
1727291653198,590.7,0.357
1727291653329,590.6,0.01
1727291654147,590.7,0.152
1727291655339,590.6,0.01
1727291655742,590.6,0.357
1727291655898,590.7,0.131
1727291656530,590.6,0.251
1727291656588,590.7,0.207
1727291657406,590.7,0.01
1727291658103,590.7,0.357
1727291658370,590.6,0.935
1727291658627,590.6,0.01
1727291658652,590.7,0.12
1727291658655,590.7,0.326
1727291658686,590.7,0.207
1727291658687,590.7,0.385
1727291658697,590.7,1.284
1727291659716,590.6,0.112
1727291659717,590.6,0.112
1727291659719,590.6,0.047
1727291660018,590.7,0.01
1727291660132,590.6,0.249
1727291660132,590.6,0.107
1727291660241,590.6,0.073
1727291660380,590.6,0.018
1727291661127,590.7,0.105
1727291662432,590.7,0.356
1727291664264,590.6,0.723
1727291665010,590.6,0.356
1727291666987,590.7,0.044
1727291666990,590.7,0.356
1727291667134,590.6,0.042
1727291668243,590.6,0.022
1727291668565,590.6,0.03
1727291668995,590.6,0.355
1727291670819,590.7,0.355
1727291671517,590.7,0.009
1727291672956,590.6,0.095
1727291673013,590.7,1.706
1727291672316,590.6,0.081
1727291673258,590.6,0.355
1727291672316,590.6,0.095
1727291672316,590.6,0.045
1727291672316,590.6,0.101
1727291672316,590.6,0.853
1727291674308,590.6,0.017
1727291674308,590.6,0.2
1727291674308,590.6,0.009
1727291674308,590.6,0.009
1727291674308,590.6,0.009
1727291674308,590.6,0.009
1727291674308,590.6,0.009
1727291674308,590.6,0.009
1727291674417,590.5,0.051
1727291674417,590.5,0.03
1727291675471,590.5,0.04
1727291675049,590.6,0.043
1727291675087,590.5,0.084
1727291675813,590.6,0.355
1727291675911,590.5,0.037
1727291676655,590.6,0.169
1727291677180,590.6,2.743
1727291677180,590.6,1.493
1727291677801,590.5,0.354
1727291678088,590.5,0.498
1727291678442,590.6,0.125
1727291678442,590.6,0.063
1727291682578,590.6,0.091
1727291738005,590.6,0.345
1727291739421,590.7,0.016
1727291740555,590.7,0.153
1727291740555,590.7,0.043
1727291740555,590.7,2.0
1727291740555,590.7,2.187
1727291740555,590.7,0.009
1727291740555,590.7,0.009
1727291740555,590.7,0.009
1727291740555,590.7,0.009
1727291740555,590.7,0.009
1727291740555,590.7,0.009
1727291740555,590.7,0.009
1727291740555,590.7,0.009
1727291740555,590.7,0.009
1727291740555,590.7,0.009
1727291740555,590.7,0.009
1727291740555,590.7,0.009
1727291740555,590.7,0.009
1727291740555,590.7,0.009
1727291740555,590.7,0.009
1727291740555,590.7,0.009
1727291740555,590.7,0.009
1727291740555,590.7,0.009
1727291740555,590.7,0.009
1727291740555,590.7,0.009
1727291742175,590.7,0.022
1727291743900,590.9,0.598
1727291743900,590.9,2.0
1727291743900,590.9,0.97
1727291743900,590.9,0.065
1727291743906,590.9,0.358
1727291743906,590.9,0.009
1727291743906,590.9,0.009
1727291743906,590.9,0.423
1727291743906,590.9,0.846
1727291743906,590.9,0.009
1727291743906,590.9,0.009
1727291743906,590.9,0.009
1727291743906,590.9,0.009
1727291743906,590.9,0.009
1727291743906,590.9,0.009
1727291743906,590.9,0.009
1727291743906,590.9,0.009
1727291743906,590.9,0.009
1727291743906,590.9,0.009
1727291743906,590.9,0.009
1727291743906,590.9,0.009
1727291743906,590.9,0.009
1727291743906,590.9,0.009
1727291743906,590.9,0.009
1727291743906,590.9,0.009
1727291743906,590.9,0.009
1727291743906,590.9,0.009
1727291743906,590.9,0.009
1727291743906,590.9,0.009
1727291743906,590.9,0.009
1727291743906,590.9,0.009
1727291743906,590.9,0.009
1727291743906,590.9,0.009
1727291743906,590.9,0.009
1727291743906,590.9,0.009
1727291743906,590.9,0.009
1727291743906,590.9,0.009
1727291743874,590.8,0.423
1727291743874,590.8,2.0
1727291743874,590.8,2.187
1727291743874,590.8,1.591
1727291743874,590.8,5.35
1727291743877,590.8,8.62
1727291743877,590.8,0.022
1727291743877,590.8,0.846
1727291743877,590.8,0.846
1727291743877,590.8,0.009
1727291743877,590.8,0.009
1727291743877,590.8,0.019
1727291743877,590.8,0.009
1727291743877,590.8,0.009
1727291743877,590.8,0.009
1727291743877,590.8,0.009
1727291743877,590.8,0.009
1727291743877,590.8,0.009
1727291743877,590.8,0.009
1727291743877,590.8,0.009
1727291743877,590.8,0.009
1727291743877,590.8,0.009
1727291743877,590.8,0.009
1727291743877,590.8,0.009
1727291743877,590.8,0.009
1727291743877,590.8,0.009
1727291743877,590.8,0.009
1727291743877,590.8,0.009
1727291743877,590.8,0.009
1727291743877,590.8,0.009
1727291743877,590.8,0.009
1727291743877,590.8,0.009
1727291743877,590.8,0.009
1727291743877,590.8,0.009
1727291743877,590.8,0.009
1727291743877,590.8,0.009
1727291743877,590.8,0.009
1727291743877,590.8,0.009
1727291743877,590.8,0.009
1727291743877,590.8,0.009
1727291743894,590.9,2.252
1727291743894,590.9,3.318
1727291743894,590.9,1.801
1727291743894,590.9,0.846
1727291743894,590.9,0.846
1727291743894,590.9,1.402
1727291744080,591.0,0.889
1727291744080,591.0,0.009
1727291744080,591.0,0.009
1727291744080,591.0,0.084
1727291744080,591.0,0.084
1727291744080,591.0,0.009
1727291744080,591.0,0.009
1727291744080,591.0,0.009
1727291744080,591.0,0.009
1727291744080,591.0,0.009
1727291744080,591.0,0.009
1727291744080,591.0,0.009
1727291744080,591.0,0.009
1727291744080,591.0,0.009
1727291744080,591.0,0.009
1727291744080,591.0,0.009
1727291744080,591.0,0.009
1727291744080,591.0,0.009
1727291744080,591.0,0.009
1727291744080,591.0,0.009
1727291744080,591.0,0.009
1727291744080,591.0,0.009
1727291744080,591.0,0.009
1727291744080,591.0,0.009
1727291744080,591.0,0.009
1727291744080,591.0,0.009
1727291744080,591.0,0.009
1727291744080,591.0,0.009
1727291744080,591.0,0.009
1727291744080,591.0,0.009
1727291744080,591.0,0.009
1727291744080,591.0,0.009
1727291744080,591.0,0.009
1727291744080,591.0,0.009
1727291744080,591.0,0.009
1727291744080,591.0,0.009
1727291744080,591.0,0.009
1727291744080,591.0,0.009
1727291744080,591.0,0.009
1727291744080,591.0,0.009
1727291744080,591.0,0.009
1727291744080,591.0,0.009
1727291744080,591.0,0.009
1727291744265,591.1,0.013
1727291744362,591.1,0.009
1727291744373,591.1,0.412
1727291744373,591.1,1.802
1727291744373,591.1,2.0
1727291744373,591.1,1.283
1727291744373,591.1,0.254
1727291744375,591.0,2.0
1727291744376,591.1,0.009
1727291744376,591.1,0.009
1727291744376,591.1,0.009
1727291744376,591.1,0.009
1727291744376,591.1,0.009
1727291744376,591.1,0.009
1727291744376,591.1,0.009
1727291744376,591.1,0.009
1727291744376,591.1,0.009
1727291744376,591.1,0.009
1727291744376,591.1,0.009
1727291744376,591.1,0.009
1727291744376,591.1,0.009
1727291744376,591.1,0.009
1727291744377,591.1,0.009
1727291744377,591.1,0.009
1727291744377,591.1,0.009
1727291744377,591.1,0.009
1727291744377,591.1,0.009
1727291744377,591.1,0.009
1727291744377,591.2,0.066
1727291744379,591.2,0.066
1727291744379,591.2,0.066
1727291744614,591.2,0.016
1727291745149,591.2,0.011
1727291745760,591.1,0.622
1727291745957,591.2,0.01
1727291745957,591.2,1.803
1727291745957,591.2,0.423
1727291745957,591.2,0.09
1727291746108,591.2,1.91
1727291746108,591.2,0.013
1727291746108,591.2,0.009
1727291746108,591.2,0.009
1727291746108,591.2,0.009
1727291746108,591.2,0.009
1727291746108,591.2,0.009
1727291746108,591.2,0.009
1727291746108,591.2,0.009
1727291746108,591.2,0.009
1727291746108,591.2,0.009
1727291746108,591.2,0.009
1727291746108,591.2,0.009
1727291746108,591.2,0.009
1727291746108,591.2,0.009
1727291746108,591.2,0.009
1727291746108,591.2,0.009
1727291746108,591.2,0.009
1727291746108,591.2,0.009
1727291746108,591.2,0.009
1727291746108,591.2,0.009
1727291746108,591.2,0.009
1727291746855,591.2,0.073
1727291747168,591.3,0.012
1727291747208,591.3,0.072
1727291747208,591.3,0.511
1727291747208,591.3,2.0
1727291747208,591.3,0.009
1727291747208,591.3,0.009
1727291747208,591.3,0.009
1727291747208,591.3,0.009
1727291747208,591.3,0.009
1727291747208,591.3,0.009
1727291747208,591.3,0.009
1727291747208,591.3,0.009
1727291747208,591.3,0.009
1727291747208,591.3,0.009
1727291747208,591.3,0.009
1727291747208,591.3,0.009
1727291747208,591.3,0.009
1727291747208,591.3,0.009
1727291747208,591.3,0.009
1727291747208,591.3,0.009
1727291747208,591.3,0.009
1727291747208,591.3,0.009
1727291747208,591.3,0.009
1727291747208,591.3,0.009
1727291747208,591.3,0.009
1727291747208,591.3,0.009
1727291747208,591.3,0.009
1727291747208,591.3,0.009
1727291747208,591.3,0.009
1727291747208,591.3,0.009
1727291747208,591.3,0.009
1727291747208,591.3,0.009
1727291747208,591.3,0.009
1727291747208,591.3,0.009
1727291747362,591.4,0.013
1727291747362,591.4,0.003
1727291747733,591.4,0.034
1727291748011,591.4,0.012
1727291748516,591.4,0.947
1727291748516,591.4,0.038
1727291748516,591.4,1.209
1727291748529,591.4,0.791
1727291748529,591.4,0.013
1727291748529,591.4,0.018
1727291748529,591.4,1.777
1727291748538,591.4,0.625
1727291748854,591.3,0.026
1727291748943,591.4,0.066
1727291749108,591.4,1.682
1727291749108,591.4,0.009
1727291749108,591.4,0.009
1727291749108,591.4,9.557
1727291749110,591.4,0.009
1727291749110,591.4,0.009
1727291749110,591.4,0.009
1727291749110,591.4,0.009
1727291749110,591.4,0.009
1727291749110,591.4,0.009
1727291749110,591.4,0.009
1727291749110,591.4,0.003
1727291749110,591.4,0.006
1727291749110,591.4,0.009
1727291749110,591.5,0.051
1727291749110,591.5,0.097
1727291749157,591.4,0.01
1727291751383,591.5,0.39
1727291751918,591.5,0.024
1727291752478,591.4,0.01
1727291752750,591.5,0.062
1727291752870,591.5,0.119
1727291752870,591.5,0.013
1727291752870,591.5,0.009
1727291752870,591.5,0.009
1727291752870,591.5,0.103
1727291754016,591.4,0.848
1727291754317,591.4,1.354
1727291754562,591.5,0.171
1727291754562,591.5,0.729
1727291754671,591.4,1.139
1727291755039,591.4,0.967
1727291755408,591.4,0.009
1727291755408,591.4,0.009
1727291755408,591.4,0.009
1727291755408,591.4,0.009
1727291755408,591.4,0.009
1727291755408,591.4,0.009
1727291755408,591.4,0.009
1727291755408,591.4,0.009
1727291755408,591.4,0.009
1727291755408,591.4,0.009
1727291755408,591.4,0.009
1727291755408,591.4,0.009
1727291755408,591.4,0.009
1727291755408,591.4,0.009
1727291755408,591.4,0.009
1727291755408,591.4,0.009
1727291755408,591.4,0.009
1727291755408,591.4,0.009
1727291755408,591.4,0.009
1727291755342,591.4,0.081
1727291755342,591.4,0.095
1727291755342,591.4,0.022
1727291755342,591.4,0.032
1727291755342,591.4,0.024
1727291755342,591.4,1.146
1727291755345,591.4,0.18
1727291755804,591.3,0.081
1727291755805,591.3,0.095
1727291755408,591.4,2.034
1727291755408,591.4,0.009
1727291755408,591.4,0.009
1727291755968,591.4,0.169
1727291756498,591.4,0.203
1727291758059,591.3,0.01
1727291759254,591.4,0.028
1727291759367,591.4,0.015
1727291760864,591.4,0.169
1727291761858,591.3,0.926
1727291762195,591.3,1.048
1727291762495,591.3,0.855
1727291762552,591.3,0.045
1727291762713,591.4,0.016
1727291762796,591.3,1.311
1727291762800,591.3,7.144
1727291762800,591.3,2.0
1727291762800,591.3,0.013
1727291762800,591.3,0.081
1727291762800,591.3,0.095
1727291762800,591.3,0.009
1727291762803,591.3,0.009
1727291762803,591.3,0.009
1727291762803,591.3,0.009
1727291762803,591.3,0.009
1727291762803,591.3,0.009
1727291762803,591.3,0.009
1727291762803,591.3,0.009
1727291762803,591.3,0.009
1727291762803,591.3,0.009
1727291762803,591.3,0.009
1727291762803,591.3,0.009
1727291762803,591.3,0.009
1727291762803,591.3,0.009
1727291762803,591.3,0.009
1727291762803,591.3,0.009
1727291762803,591.3,0.009
1727291762803,591.3,0.009
1727291762803,591.3,0.009
1727291762803,591.3,0.009
1727291763120,591.2,0.099
1727291764048,591.2,0.081
1727291764048,591.2,0.095
1727291764335,591.2,0.095
1727291765276,591.2,0.8
1727291764657,591.2,2.0
1727291764657,591.2,0.013
1727291764657,591.2,0.009
1727291764657,591.2,0.009
1727291764657,591.2,0.009
1727291764657,591.2,0.009
1727291764657,591.2,0.009
1727291764657,591.2,0.009
1727291764657,591.2,0.009
1727291764657,591.2,0.009
1727291764657,591.2,0.009
1727291764657,591.2,0.009
1727291764676,591.2,0.689
1727291764926,591.2,0.067
1727291765603,591.2,0.344
1727291765847,591.2,0.013
1727291766107,591.1,0.01
1727291766508,591.1,2.0
1727291766508,591.1,0.49
1727291766508,591.1,0.018
1727291766508,591.1,0.084
1727291766508,591.1,0.009
1727291766508,591.1,0.009
1727291766508,591.1,0.009
1727291766508,591.1,0.009
1727291766508,591.1,0.009
1727291766508,591.1,0.009
1727291766508,591.1,0.009
1727291766508,591.1,0.009
1727291766508,591.1,0.009
1727291766508,591.1,0.009
1727291767397,591.0,0.343
1727291769121,591.1,0.343
1727291769208,591.0,2.0
1727291769208,591.0,0.013
1727291769208,591.0,0.012
1727291769208,591.0,0.009
1727291769208,591.0,0.009
1727291769208,591.0,0.009
1727291769208,591.0,0.009
1727291769208,591.0,0.009
1727291769208,591.0,0.009
1727291769208,591.0,0.009
1727291769208,591.0,0.009
1727291769208,591.0,0.009
1727291769208,591.0,0.009
1727291769329,590.9,0.049
1727291770508,590.9,2.169
1727291770508,590.9,0.009
1727291770508,590.9,0.009
1727291770508,590.9,0.009
1727291770508,590.9,0.009
1727291770508,590.9,0.009
1727291770508,590.9,0.009
1727291770508,590.9,0.009
1727291770508,590.9,0.009
1727291770508,590.9,0.009
1727291770508,590.9,0.009
1727291771309,590.8,0.343
1727291773032,590.9,0.343
1727291774357,590.8,5.754
1727291774357,590.8,0.246
1727291774524,590.9,0.022
1727291774581,590.8,0.024
1727291774606,590.9,0.635
1727291774812,590.8,0.066
1727291774926,590.8,0.342
1727291775487,590.9,0.276
1727291776625,590.9,0.342
1727291777108,590.8,0.009
1727291777108,590.8,0.009
1727291777009,590.8,0.372
1727291777108,590.8,2.0
1727291777108,590.8,0.013
1727291777108,590.8,0.009
1727291777108,590.8,0.084
1727291777108,590.8,0.084
1727291777108,590.8,0.009
1727291777108,590.8,0.009
1727291777108,590.8,0.009
1727291777108,590.8,0.009
1727291777108,590.8,0.009
1727291777108,590.8,0.009
1727291777108,590.8,0.009
1727291777108,590.8,0.009
1727291777634,590.8,0.05
1727291778391,590.6,0.342
1727291778469,590.7,1.693
1727291778470,590.7,0.846
1727291778471,590.7,0.186
1727291778471,590.7,3.849
1727291778471,590.7,0.024
1727291778471,590.7,0.043
1727291778471,590.7,0.011
1727291778471,590.7,0.009
1727291778471,590.7,0.009
1727291778471,590.7,0.009
1727291778471,590.7,0.009
1727291778471,590.7,0.009
1727291778471,590.7,0.009
1727291778471,590.7,0.009
1727291778471,590.7,0.009
1727291778471,590.7,0.009
1727291778471,590.7,0.009
1727291778471,590.7,0.009
1727291778471,590.7,0.009
1727291778471,590.7,0.009
1727291778471,590.7,0.009
1727291778471,590.7,0.009
1727291778471,590.7,0.009
1727291778471,590.7,0.009
1727291778471,590.7,0.009
1727291778471,590.7,0.009
1727291778471,590.7,0.009
1727291778471,590.7,0.009
1727291777925,590.7,2.0
1727291777925,590.7,2.0
1727291777925,590.7,0.009
1727291777925,590.7,0.009
1727291777925,590.7,0.009
1727291777925,590.7,0.009
1727291777925,590.7,0.009
1727291777925,590.7,0.009
1727291777925,590.7,0.009
1727291777925,590.7,0.009
1727291777925,590.7,0.009
1727291777925,590.7,0.009
1727291777990,590.6,0.498
1727291778735,590.7,0.738
1727291778735,590.7,0.074
1727291778882,590.7,0.185
1727291778928,590.6,0.066
1727291780222,590.7,0.342
1727291780966,590.7,1.706
1727291781121,590.7,0.014
1727291781408,590.6,0.071
1727291781408,590.6,0.071
1727291781408,590.6,0.071
1727291781411,590.6,0.042
1727291781412,590.6,0.014
1727291781843,590.7,0.199
1727291781908,590.7,0.018
1727291782113,590.6,0.341
1727291782468,590.6,0.036
1727291783095,590.6,0.014
1727291783959,590.7,0.016
1727291785399,590.6,0.8
1727291787008,590.7,0.033
1727291787065,590.6,0.097
1727291787732,590.7,0.629
1727291787732,590.7,0.314
1727291787366,590.7,0.265
1727291790857,590.7,0.341
1727291856419,590.6,0.216
1727291856426,590.6,5.918
1727291856495,590.5,0.016
1727291857488,590.6,0.008
1727291857488,590.6,0.01
1727291857618,590.5,0.021
1727291858352,590.5,0.157
1727291858827,590.6,0.091
1727291858947,590.6,0.2
1727291858977,590.6,0.039
1727291859612,590.5,0.161
1727291859828,590.6,0.34
1727291860625,590.6,0.206
1727291861310,590.6,0.118
1727291861517,590.5,0.34
1727291862434,590.5,0.048
1727291862561,590.6,0.016
1727291862905,590.6,0.66
1727291862905,590.6,1.678
1727291862905,590.6,8.206
1727291862905,590.6,3.278
1727291862905,590.6,4.356
1727291862905,590.6,0.024
1727291862905,590.6,4.532
1727291862905,590.6,2.266
1727291863020,590.5,0.02
1727291863334,590.6,0.34
1727291866037,590.6,0.189
1727291866038,590.6,0.014
1727291866065,590.5,0.339
1727291866108,590.6,1.589
1727291866108,590.6,1.759
1727291866108,590.6,0.009
1727291866108,590.6,0.009
1727291866108,590.6,0.009
1727291866108,590.6,0.009
1727291866108,590.6,0.009
1727291866108,590.6,0.009
1727291866108,590.6,0.009
1727291866108,590.6,0.009
1727291866108,590.6,0.009
1727291866108,590.6,0.009
1727291866108,590.6,0.009
1727291866108,590.6,0.009
1727291866108,590.6,0.009
1727291866108,590.6,0.009
1727291866108,590.6,0.009
1727291866108,590.6,0.009
1727291866108,590.6,0.009
1727291866108,590.6,0.009
1727291866108,590.6,0.009
1727291866108,590.6,0.009
1727291867989,590.7,0.339
1727291868204,590.6,0.202
1727291869047,590.6,0.013
1727291869527,590.6,0.117
1727291869781,590.6,0.339
1727291870336,590.6,0.019
1727291871465,590.7,0.339
1727291872163,590.7,0.015
1727291872992,590.6,0.316
1727291874284,590.6,0.016
1727291874053,590.6,0.338
1727291874119,590.6,0.095
1727291874119,590.6,0.081
1727291874119,590.6,0.435
1727291874119,590.6,0.846
1727291874119,590.6,0.846
1727291874119,590.6,0.507
1727291874119,590.6,0.039
1727291874119,590.6,0.009
1727291874119,590.6,0.009
1727291874119,590.6,0.009
1727291874119,590.6,0.009
1727291874240,590.6,0.016
1727291875497,590.5,0.095
1727291875497,590.5,0.081
1727291877189,590.5,0.046
1727291877227,590.6,0.018
1727291876703,590.6,0.338
1727291878220,590.5,6.302
1727291878221,590.5,1.904
1727291878221,590.5,2.0
1727291878221,590.5,0.846
1727291878221,590.5,0.846
1727291878221,590.5,0.013
1727291878221,590.5,0.35
1727291878221,590.5,0.009
1727291878221,590.5,0.024
1727291878221,590.5,0.333
1727291878223,590.5,0.185
1727291878324,590.5,0.01
1727291878114,590.6,0.328
1727291878559,590.5,1.77
1727291878565,590.4,0.041
1727291878684,590.5,0.011
1727291879295,590.4,0.052
1727291879915,590.4,0.338
1727291880442,590.5,0.016
1727291881042,590.5,0.016
1727291881150,590.4,0.023
1727291881535,590.5,0.08
1727291882573,590.5,1.703
1727291882573,590.5,4.371
1727291882573,590.5,1.556
1727291882573,590.5,0.837
1727291882307,590.5,0.169
1727291883008,590.4,0.011
1727291884740,590.5,0.338
1727291884474,590.5,0.017
1727291884992,590.5,0.939
1727291886127,590.5,0.034
1727291886297,590.5,0.016
1727291887259,590.4,0.337
1727291888334,590.5,0.034
1727291888812,590.4,0.135
1727291889338,590.5,0.197
1727291889379,590.5,0.337
1727291890414,590.4,2.0
1727291890414,590.4,0.846
1727291890414,590.4,0.846
1727291890414,590.4,0.009
1727291890414,590.4,0.013
1727291890414,590.4,0.081
