timestamp(ms since Epoch),last price,volume
1727288869108,452.7965,1.0
1727288869121,452.8,4.0
1727288869719,452.7226,50.0
1727288873215,452.87,88.0
1727288873215,452.87,12.0
1727288873215,452.88,57.0
1727288873215,452.89,1.0
1727288873215,452.89,55.0
1727288873215,452.87,100.0
1727288873215,452.89,20.0
1727288873216,452.89,9.0
1727288873216,452.89,7.0
1727288873215,452.88,45.0
1727288873216,452.89,100.0
1727288873216,452.89,45.0
1727288873216,452.88,29.0
1727288873216,452.89,128.0
1727288873216,452.89,100.0
1727288873216,452.88,100.0
1727288873216,452.89,1.0
1727288873216,452.89,1.0
1727288873216,452.89,28.0
1727288873216,452.89,40.0
1727288873216,452.89,44.0
1727288873216,452.89,6.0
1727288873216,452.89,41.0
1727288873217,452.8,20.0
1727288873217,452.8,50.0
1727288873225,452.9299,1.0
1727288873274,452.86,2.0
1727288873101,452.86,12.0
1727288873420,452.845,78.0
1727288873101,452.86,1.0
1727288877650,452.845,3.0
1727288878220,452.8855,1.0
1727288878914,452.845,100.0
1727288881314,452.6978,1.0
1727288881858,452.85,225.0
1727288882206,452.821,5.0
1727288884162,452.85,1.0
1727288884204,452.85,100.0
1727288884518,452.85,8.0
1727288884631,452.9055,5.0
1727288885644,452.9799,1.0
1727288887596,452.8232,2.0
1727288887599,452.98,1.0
1727288893947,452.72,1.0
1727288895041,452.73,24.0
1727288896282,452.89,1.0
1727288896288,452.98,1.0
1727288896873,452.855,1.0
1727288896874,452.855,2.0
1727288897804,452.802,70.0
1727288901615,452.855,10.0
1727288901972,452.814,1.0
1727288902074,452.9,100.0
1727288902093,452.93,100.0
1727288903381,452.9788,1.0
1727288903210,452.855,4.0
1727288903274,452.7512,15.0
1727288905669,452.86,2.0
1727288906180,452.98,1.0
1727288906378,452.86,1.0
1727288909348,452.86,1.0
1727288909351,452.86,21.0
1727288910334,452.79,1.0
1727288910419,452.79,1.0
1727288911032,452.865,5.0
1727288911643,452.937,1.0
1727288913121,452.7672,25.0
1727288913250,452.75,70.0
1727288913456,452.865,2.0
1727288914749,452.8173,139.0
1727288916770,452.8189,2.0
1727288917791,452.865,3.0
1727288917822,452.7687,8.0
1727288921726,452.865,96.0
1727288923450,452.76,8.0
1727288924217,452.7694,15.0
1727288924772,452.865,1.0
1727288924775,452.76,20.0
1727288924775,452.76,1.0
1727288926192,452.76,100.0
1727288926552,452.8454,1.0
1727288986074,452.8121,10.0
1727288989970,452.785,4.0
1727288991295,452.7154,5.0
1727288992252,452.785,1.0
1727288992320,452.7836,28.0
1727288995762,452.79,23.0
1727288996094,452.79,38.0
1727288996380,452.7173,2.0
1727288996424,452.7851,1.0
1727288997034,452.8564,35.0
1727288998567,452.79,6.0
1727288999971,452.79,5.0
1727288999796,452.85,5.0
1727288999797,452.86,13.0
1727288999797,452.86,4.0
1727288999798,452.86,22.0
1727288999798,452.79,5.0
1727289002114,452.79,1.0
1727289003179,452.74,10.0
1727289003179,452.73,2.0
1727289003185,452.79,25.0
1727289003186,452.79,26.0
1727289003245,452.84,2.0
1727289004176,452.79,19.0
1727289004970,452.8688,1.0
1727289005206,452.79,1.0
1727289005681,452.79,4.0
1727289006705,452.79,10.0
1727289009593,452.7101,25.0
1727289012825,452.79,9.0
1727289013012,452.8519,1.0
1727289014021,452.79,2.0
1727289014594,452.7266,50.0
1727289015160,452.8699,1.0
1727289015187,452.8688,1.0
1727289015972,452.71,12.0
1727289016053,452.73,1.0
1727289016053,452.73,13.0
1727289016056,452.72,1.0
1727289016074,452.72,13.0
1727289016075,452.72,1.0
1727289016075,452.72,3.0
1727289016128,452.71,100.0
1727289016357,452.71,1.0
1727289016357,452.71,20.0
1727289016357,452.71,4.0
1727289016357,452.71,3.0
1727289016357,452.71,1.0
1727289016357,452.71,1.0
1727289016358,452.7,1.0
1727289016358,452.71,1.0
1727289016358,452.7,20.0
1727289016358,452.69,1.0
1727289016358,452.69,4.0
1727289016443,452.71,4.0
1727289016484,452.71,76.0
1727289016670,452.68,1.0
1727289016671,452.68,1.0
1727289017937,452.67,20.0
1727289018182,452.75,10.0
1727289027703,452.67,1.0
1727289027703,452.67,1.0
1727289027704,452.66,102.0
1727289027704,452.68,20.0
1727289027704,452.66,7.0
1727289027704,452.66,27.0
1727289027704,452.66,11.0
1727289027704,452.66,3.0
1727289027704,452.66,1.0
1727289027705,452.66,10.0
1727289027705,452.66,5.0
1727289027705,452.66,1.0
1727289027705,452.66,195.0
1727289027705,452.65,8.0
1727289027705,452.68,30.0
1727289027705,452.7,15.0
1727289027705,452.7,7.0
1727289027705,452.67,1.0
1727289027705,452.66,22.0
1727289027705,452.66,17.0
1727289027705,452.66,36.0
1727289027706,452.66,8.0
1727289027707,452.7,1.0
1727289028264,452.61,7.0
1727289028264,452.6,1.0
1727289028264,452.6,7.0
1727289028264,452.6,2.0
1727289027732,452.66,7.0
1727289028007,452.64,7.0
1727289028007,452.63,3.0
1727289028008,452.64,1.0
1727289028008,452.62,10.0
1727289028980,452.8157,2.0
1727289029219,452.675,2.0
1727289029351,452.7473,1.0
1727289030253,452.675,88.0
1727289031339,452.64,17.0
1727289031436,452.56,100.0
1727289032419,452.64,7.0
1727289032422,452.64,8.0
1727289034000,452.7253,76.0
1727289034027,452.67,7.0
1727289034027,452.67,93.0
1727289034027,452.69,1.0
1727289034028,452.67,100.0
1727289034028,452.67,100.0
1727289034028,452.67,1.0
1727289034028,452.67,100.0
1727289034028,452.67,98.0
1727289034028,452.67,1.0
1727289034029,452.68,20.0
1727289034029,452.67,81.0
1727289034029,452.7,1.0
1727289034029,452.67,120.0
1727289034030,452.67,20.0
1727289034030,452.67,80.0
1727289034031,452.7391,6.0
1727289035346,452.646,1.0
1727289036089,452.62,30.0
1727289036089,452.6,1.0
1727289036090,452.6,50.0
1727289036090,452.6,45.0
1727289036091,452.65,50.0
1727289036562,452.665,22.0
1727289039848,452.635,2.0
1727289040590,452.6,7.0
1727289042911,452.635,1.0
1727289043406,452.6868,1.0
1727289044073,452.54,3.0
1727289045339,452.7,5.0
1727289049574,452.7,18.0
1727289049324,452.64,2.0
1727289106142,452.53,19.0
1727289108345,452.7,1.0
1727289109978,452.6669,2.0
1727289109981,452.58,16.0
1727289114621,452.63,5.0
1727289114628,452.63,5.0
1727289115360,452.63,1.0
1727289115422,452.63,3.0
1727289116450,452.63,2.0
1727289116487,452.53,17.0
1727289117250,452.58,1.0
1727289117320,452.7388,1.0
1727289117436,452.58,3.0
1727289118685,452.7077,167.0
1727289120456,452.63,1.0
1727289120456,452.63,1.0
1727289121120,452.6533,2.0
1727289121453,452.63,11.0
1727289121858,452.63,11.0
1727289122695,452.7,2.0
1727289124292,452.58,9.0
1727289124359,452.57,30.0
1727289124359,452.56,1.0
1727289124359,452.55,1.0
1727289124359,452.55,7.0
1727289124359,452.55,5.0
1727289124359,452.55,29.0
1727289124360,452.55,1.0
1727289124360,452.55,3.0
1727289124257,452.59,50.0
1727289124258,452.58,1.0
1727289124258,452.58,50.0
1727289124258,452.57,1.0
1727289124258,452.57,30.0
1727289124259,452.57,61.0
1727289124977,452.6529,1.0
1727289126834,452.57,8.0
1727289126834,452.57,11.0
1727289126356,452.58,1.0
1727289126357,452.57,1.0
1727289126357,452.56,1.0
1727289126359,452.56,74.0
1727289130169,452.56,75.0
1727289130169,452.58,1.0
1727289130170,452.57,1.0
1727289130170,452.56,1.0
1727289131889,452.7399,1.0
1727289133657,452.5798,2.0
1727289133675,452.5785,7.0
1727289133705,452.58,1.0
1727289132883,452.58,1.0
1727289132883,452.58,1.0
1727289132885,452.6213,2.0
1727289132912,452.6573,1.0
1727289132926,452.5798,3.0
1727289132928,452.58,1.0
1727289132932,452.65,3.0
1727289132995,452.6213,14.0
1727289132998,452.6573,1.0
1727289133068,452.65,6.0
1727289133115,452.58,1.0
1727289133218,452.58,1.0
1727289133256,452.58,1.0
1727289133256,452.57,1.0
1727289133256,452.56,74.0
1727289133256,452.56,1.0
1727289133260,452.6752,1.0
1727289133390,452.6573,1.0
1727289133393,452.58,1.0
1727289133446,452.65,1.0
1727289133497,452.58,1.0
1727289133532,452.5798,2.0
1727289133802,452.6451,1.0
1727289133802,452.6451,1.0
1727289133826,452.5798,2.0
1727289133854,452.6213,9.0
1727289133933,452.58,18.0
1727289134615,452.65,1.0
1727289134617,452.5798,2.0
1727289134623,452.65,11.0
1727289133957,452.5783,6.0
1727289134679,452.6228,1.0
1727289134714,452.58,1.0
1727289134173,452.65,4.0
1727289134176,452.65,1.0
1727289134283,452.58,2.0
1727289134321,452.6573,1.0
1727289134326,452.6573,1.0
1727289134371,452.65,5.0
1727289134457,452.58,1.0
1727289134845,452.6228,2.0
1727289134883,452.65,1.0
1727289134950,452.6228,1.0
1727289134986,452.65,1.0
1727289135032,452.65,14.0
1727289135193,452.6228,16.0
1727289135238,452.65,1.0
1727289135292,452.5774,4.0
1727289135306,452.65,1.0
1727289135363,452.58,1.0
1727289135523,452.65,1.0
1727289135687,452.6228,1.0
1727289135592,452.58,1.0
1727289135967,452.5783,6.0
1727289136001,452.6228,1.0
1727289136739,452.65,3.0
1727289136759,452.58,1.0
1727289136759,452.57,1.0
1727289136759,452.56,73.0
1727289136759,452.56,1.0
1727289136759,452.56,1.0
1727289137076,452.58,1.0
1727289137179,452.56,1.0
1727289137179,452.56,1.0
1727289137179,452.57,17.0
1727289138408,452.7399,13.0
1727289139602,452.56,22.0
1727289139602,452.58,1.0
1727289139602,452.56,78.0
1727289139602,452.56,8.0
1727289139602,452.59,2.0
1727289139602,452.56,20.0
1727289139602,452.56,20.0
1727289139602,452.56,98.0
1727289139602,452.57,2.0
1727289139602,452.57,100.0
1727289139602,452.57,4.0
1727289139602,452.56,1.0
1727289139602,452.56,3.0
1727289139602,452.56,100.0
1727289139602,452.56,25.0
1727289139603,452.56,29.0
1727289139603,452.57,3.0
1727289139603,452.56,5.0
1727289139607,452.55,100.0
1727289143020,452.49,100.0
1727289143108,452.69,1.0
1727289143500,452.49,10.0
1727289143655,452.69,1.0
1727289143732,452.58,7.0
1727289144797,452.58,8.0
1727289146420,452.58,100.0
1727289146898,452.58,5.0
1727289147524,452.49,19.0
1727289151301,452.55,4.0
1727289152368,452.58,1.0
1727289152368,452.58,5.0
1727289152404,452.55,9.0
1727289152404,452.55,46.0
1727289152405,452.56,4.0
1727289152405,452.55,1.0
1727289152406,452.54,1.0
1727289153068,452.52,44.0
1727289153923,452.5607,7.0
1727289153496,452.575,1.0
1727289154131,452.5754,5.0
1727289155438,452.6428,1.0
1727289156031,452.598,1.0
1727289156479,452.65,17.0
1727289156482,452.48,18.0
1727289156487,452.544,1.0
1727289156660,452.575,3.0
1727289157132,452.52,41.0
1727289157226,452.69,1.0
1727289157296,452.58,1.0
1727289157867,452.47,18.0
1727289157867,452.47,1.0
1727289157868,452.52,2.0
1727289157868,452.52,1.0
1727289157868,452.52,1.0
1727289157868,452.52,10.0
1727289157868,452.52,1.0
1727289157994,452.69,8.0
1727289158923,452.52,28.0
1727289159844,452.69,55.0
1727289161374,452.7195,3.0
1727289161444,452.58,4.0
1727289162095,452.5955,1.0
1727289161781,452.58,1.0
1727289162228,452.58,1.0
1727289162382,452.565,1.0
1727289162909,452.58,10.0
1727289162912,452.58,10.0
1727289163475,452.49,100.0
1727289165157,452.58,1.0
1727289165166,452.58,1.0
1727289165167,452.58,5.0
1727289165187,452.646,1.0
1727289165297,452.58,1.0
1727289165439,452.58,5.0
1727289230543,452.49,14.0
1727289233766,452.39,12.0
1727289233772,452.4,1.0
1727289234173,452.49,1.0
1727289233887,452.49,1.0
1727289234628,452.49,5.0
1727289236455,452.5292,2.0
1727289240412,452.5824,1.0
1727289240493,452.4,1.0
1727289240688,452.49,1.0
1727289242865,452.55,1.0
1727289243416,452.5888,1.0
1727289244988,452.521,2.0
1727289247433,452.5968,28.0
1727289249560,452.5899,55.0
1727289249590,452.49,4.0
1727289249966,452.3901,67.0
1727289251654,452.49,5.0
1727289252284,452.566,100.0
1727289252901,452.5186,1.0
1727289252934,452.49,5.0
1727289253998,452.49,1.0
1727289254473,452.49,140.0
1727289256933,452.49,2.0
1727289256992,452.4114,8.0
1727289257169,452.59,1.0
1727289257170,452.49,100.0
1727289257170,452.58,100.0
1727289257170,452.57,50.0
1727289257171,452.49,25.0
1727289257171,452.49,78.0
1727289257171,452.49,45.0
1727289258040,452.58,2.0
1727289258040,452.58,8.0
1727289258049,452.58,6.0
1727289259133,452.5718,199.0
1727289259720,452.49,50.0
1727289260751,452.5,10.0
1727289261514,452.48,58.0
1727289261514,452.45,42.0
1727289264343,452.4128,2.0
1727289265676,452.5091,1.0
1727289266028,452.49,100.0
1727289266073,452.3901,1.0
1727289266114,452.49,1.0
1727289268497,452.42,11.0
1727289268498,452.41,8.0
1727289270918,452.58,10.0
1727289273246,452.59,1.0
1727289273423,452.55,1.0
1727289274636,452.49,4.0
1727289275427,452.49,56.0
1727289275307,452.49,1.0
1727289275307,452.49,1.0
1727289277224,452.49,5.0
1727289278140,452.3912,1.0
1727289280941,452.57,1.0
1727289284477,452.5028,1.0
1727289284734,452.39,4.0
1727289286994,452.49,21.0
1727289353347,452.71,1.0
1727289353572,452.65,50.0
1727289353572,452.65,50.0
1727289354128,452.65,10.0
1727289356759,452.66,39.0
1727289356759,452.68,10.0
1727289356759,452.67,1.0
1727289356760,452.66,1.0
1727289356760,452.67,22.0
1727289356760,452.65,1.0
1727289356760,452.65,1.0
1727289356908,452.65,1.0
1727289356909,452.65,1.0
1727289356914,452.65,1.0
1727289356931,452.65,1.0
1727289356931,452.65,2.0
1727289356933,452.65,94.0
1727289356957,452.65,106.0
1727289356957,452.65,16.0
1727289356957,452.65,10.0
1727289356957,452.65,184.0
1727289356957,452.65,62.0
1727289356957,452.65,100.0
1727289356957,452.65,97.0
1727289358003,452.65,1.0
1727289358779,452.64,10.0
1727289360442,452.6108,1.0
1727289360921,452.7599,18.0
1727289361537,452.6717,3.0
1727289362977,452.65,16.0
1727289363175,452.65,1.0
1727289363405,452.65,1.0
1727289364250,452.6,5.0
1727289364561,452.55,19.0
1727289364992,452.6112,2.0
1727289366864,452.6408,40.0
1727289367583,452.6,2.0
1727289367764,452.65,2.0
1727289368602,452.655,1.0
1727289368870,452.5747,54.0
1727289370005,452.61,4.0
1727289370380,452.655,1.0
1727289370831,452.7,2.0
1727289371552,452.592,1.0
1727289374057,452.75,21.0
1727289374060,452.55,1.0
1727289374068,452.5501,1.0
1727289374908,452.62,19.0
1727289375156,452.71,1.0
1727289376835,452.69,5.0
1727289376835,452.7,2.0
1727289376839,452.65,6.0
1727289376845,452.72,2.0
1727289376846,452.65,25.0
1727289376851,452.73,55.0
1727289376859,452.65,1.0
1727289377303,452.6452,14.0
1727289377162,452.73,1.0
1727289378062,452.6,3.0
1727289378701,452.7588,1.0
1727289377883,452.655,100.0
1727289377495,452.73,9.0
1727289377495,452.73,13.0
1727289377495,452.74,1.0
1727289377495,452.74,1.0
1727289377495,452.75,4.0
1727289377495,452.75,57.0
1727289377495,452.75,70.0
1727289377495,452.74,10.0
1727289377496,452.655,75.0
1727289379765,452.7446,99.0
1727289380139,452.6329,1.0
1727289381905,452.655,1.0
1727289384056,452.655,1.0
1727289384780,452.6652,1.0
1727289384820,452.7579,1.0
1727289384872,452.655,5.0
1727289384872,452.655,4.0
1727289384872,452.655,1.0
1727289385094,452.655,1.0
1727289385253,452.58,19.0
1727289385679,452.6355,2.0
1727289388460,452.655,1.0
1727289388913,452.76,22.0
1727289389003,452.5512,1.0
1727289389674,452.676,1.0
1727289390510,452.655,1.0
1727289391109,452.7599,1.0
1727289392796,452.74,5.0
1727289394699,452.655,1.0
1727289394853,452.655,1.0
1727289394887,452.655,5.0
1727289394887,452.655,41.0
1727289395210,452.6,1.0
1727289395598,452.56,19.0
1727289397412,452.7599,1.0
1727289398184,452.65,1.0
1727289398187,452.65,21.0
1727289400544,452.6517,1.0
1727289402791,452.63,1.0
1727289402791,452.64,45.0
1727289402791,452.66,55.0
1727289402793,452.65,11.0
1727289402832,452.6,100.0
1727289402889,452.6,1.0
1727289402889,452.6,1.0
1727289402890,452.61,1.0
1727289402890,452.59,10.0
1727289402893,452.6,3.0
1727289402906,452.54,1.0
1727289402925,452.54,25.0
1727289402925,452.54,1.0
1727289402925,452.54,1.0
1727289402926,452.58,1.0
1727289402926,452.57,1.0
1727289402927,452.56,1.0
1727289402927,452.54,2.0
1727289402927,452.55,1.0
1727289402927,452.54,2.0
1727289402927,452.54,1.0
1727289403163,452.54,135.0
1727289404428,452.6504,5.0
1727289405943,452.55,1.0
1727289405943,452.55,1.0
1727289405943,452.55,5.0
1727289405943,452.55,2.0
1727289405943,452.55,8.0
1727289405943,452.55,2.0
1727289474135,452.5916,4.0
1727289474784,452.5,1.0
1727289474834,452.61,11.0
1727289476141,452.586,11.0
1727289476763,452.5984,1.0
1727289476870,452.6899,92.0
1727289477019,452.49,1.0
1727289478823,452.55,40.0
1727289479392,452.5,5.0
1727289480456,452.5921,2.0
1727289482954,452.6205,1.0
1727289484347,452.575,107.0
1727289484427,452.575,2.0
1727289485377,452.6029,1.0
1727289485379,452.5911,20.0
1727289487861,452.575,1.0
1727289489926,452.54,50.0
1727289490175,452.575,1.0
1727289490237,452.5568,1.0
1727289492022,452.69,7.0
1727289493629,452.4601,1.0
1727289494062,452.5895,2.0
1727289494902,452.49,2.0
1727289497562,452.557,1.0
1727289502859,452.51,11.0
1727289502859,452.49,3.0
1727289502859,452.49,20.0
1727289502859,452.46,1.0
1727289503516,452.49,3.0
1727289504376,452.53,1.0
1727289506477,452.482,1.0
1727289507071,452.52,30.0
1727289507306,452.51,1.0
1727289507307,452.49,11.0
1727289507307,452.48,26.0
1727289507307,452.48,20.0
1727289507308,452.49,88.0
1727289508118,452.535,1.0
1727289508462,452.569,1.0
1727289508462,452.569,1.0
1727289510136,452.52,1.0
1727289511109,452.5394,1.0
1727289511979,452.515,2.0
1727289512996,452.5075,3.0
1727289515383,452.38,88.0
1727289515384,452.4814,20.0
1727289517528,452.46,5.0
1727289517528,452.47,2.0
1727289517528,452.47,2.0
1727289519193,452.51,35.0
1727289520149,452.46,17.0
1727289520859,452.515,1.0
1727289521747,452.515,1.0
1727289522130,452.6148,5.0
1727289524304,452.6488,1.0
1727289525833,452.6488,1.0
1727289525936,452.46,10.0
1727289526380,452.54,1.0
1727289526418,452.5148,6.0
1727289526451,452.46,1.0
1727289526456,452.515,5.0
1727289527485,452.46,15.0
1727289528657,452.515,2.0
1727289529415,452.515,46.0
1727289529881,452.515,3.0
1727289529884,452.65,1.0
1727289562232,452.42,3.0
1727289625230,452.52,1.0
1727289625230,452.51,1.0
1727289627401,452.58,1.0
1727289627401,452.57,2.0
1727289627883,452.54,10.0
1727289627883,452.51,1.0
1727289627884,452.4941,20.0
1727289628939,452.6588,1.0
1727289629327,452.585,1.0
1727289630217,452.5105,5.0
1727289631631,452.51,33.0
1727289631634,452.51,100.0
1727289631634,452.51,2.0
1727289631634,452.51,217.0
1727289631634,452.51,32.0
1727289631634,452.51,1.0
1727289631634,452.51,1.0
1727289631634,452.51,1.0
1727289631634,452.51,1.0
1727289631634,452.51,1.0
1727289631634,452.51,1.0
1727289631634,452.51,1.0
1727289631634,452.51,1.0
1727289631634,452.51,60.0
1727289631634,452.51,36.0
1727289631634,452.51,217.0
1727289631634,452.51,100.0
1727289631634,452.51,100.0
1727289631634,452.51,175.0
1727289631634,452.51,89.0
1727289631634,452.51,11.0
1727289631634,452.51,1.0
1727289631634,452.51,13.0
1727289631634,452.51,1.0
1727289631634,452.51,200.0
1727289631634,452.51,9.0
1727289631634,452.51,20.0
1727289631635,452.51,23.0
1727289631635,452.51,36.0
1727289631635,452.51,23.0
1727289631635,452.51,1.0
1727289631635,452.51,20.0
1727289632457,452.455,17.0
1727289632457,452.455,2.0
1727289632457,452.455,13.0
1727289632457,452.455,1.0
1727289632458,452.52,1.0
1727289632459,452.53,75.0
1727289632459,452.51,1.0
1727289632459,452.53,50.0
1727289632459,452.53,1.0
1727289632459,452.54,17.0
1727289632481,452.455,5.0
1727289632484,452.5,15.0
1727289632484,452.53,10.0
1727289634658,452.57,36.0
1727289634840,452.51,1.0
1727289636404,452.4902,1.0
1727289637019,452.386,1.0
1727289637961,452.455,12.0
1727289638204,452.43,10.0
1727289638711,452.56,1.0
1727289639783,452.4837,19.0
1727289640460,452.455,22.0
1727289640724,452.455,1.0
1727289640799,452.56,50.0
1727289640799,452.56,18.0
1727289640799,452.57,31.0
1727289640799,452.56,21.0
1727289640799,452.57,107.0
1727289640799,452.57,21.0
1727289640801,452.5186,20.0
1727289640909,452.4065,8.0
1727289641230,452.475,16.0
1727289641230,452.475,3.0
1727289642315,452.438,35.0
1727289643079,452.5172,1.0
1727289643148,452.57,10.0
1727289643940,452.5155,1.0
1727289645241,452.5,25.0
1727289645242,452.49,19.0
1727289645242,452.49,76.0
1727289645242,452.49,50.0
1727289645928,452.61,4.0
1727289645954,452.4342,10.0
1727289646202,452.556,1.0
1727289650078,452.4401,3.0
1727289650986,452.475,1.0
1727289653033,452.475,5.0
1727289653182,452.59,2.0
1727289653184,452.5178,21.0
1727289653338,452.58,1.0
1727289654597,452.4914,1.0
1727289654679,452.475,12.0
1727289655233,452.4875,10.0
1727289656445,452.475,75.0
1727289656445,452.475,25.0
1727289656447,452.475,6.0
1727289656754,452.475,5.0
1727289657466,452.432,20.0
1727289657479,452.475,1.0
1727289659247,452.44,34.0
1727289660014,452.59,1.0
1727289660079,452.56,10.0
1727289660079,452.53,11.0
1727289660080,452.475,1.0
1727289659718,452.6099,1.0
1727289659810,452.475,100.0
1727289662394,452.3427,10.0
1727289662486,452.475,5.0
1727289664388,452.5999,1.0
1727289667591,452.493,1.0
1727289669181,452.34,15.0
1727289670594,452.5843,10.0
1727289671106,452.448,1.0
1727289672537,452.475,10.0
1727289672637,452.61,1.0
1727289672843,452.61,2.0
1727289672967,452.475,11.0
1727289673764,452.44,15.0
1727289675260,452.61,1.0
1727289676522,452.47,1.0
1727289676842,452.475,1.0
1727289677767,452.4067,12.0
1727289744999,452.5,1.0
1727289746311,452.43,9.0
1727289747024,452.53,100.0
1727289747025,452.4614,21.0
1727289747925,452.4843,78.0
1727289748562,452.505,1.0
1727289749915,452.5988,1.0
1727289751106,452.55,1.0
1727289751499,452.42,100.0
1727289751639,452.4921,1.0
1727289754891,452.5,8.0
1727289755010,452.5335,1.0
1727289755484,452.5794,1.0
1727289756017,452.4101,110.0
1727289756224,452.5802,10.0
1727289756822,452.6,1.0
1727289759255,452.4925,37.0
1727289759781,452.5999,4.0
1727289761840,452.505,10.0
1727289763152,452.5025,5.0
1727289762915,452.4746,1.0
1727289763782,452.5202,1.0
1727289764237,452.6,1.0
1727289764292,452.5422,3.0
1727289765417,452.46,1.0
1727289765806,452.486,8.0
1727289766255,452.41,10.0
1727289770188,452.42,1.0
1727289773580,452.6,1.0
1727289773583,452.41,19.0
1727289774891,452.42,4.0
1727289775551,452.505,5.0
1727289776874,452.43,6.0
1727289777401,452.505,2.0
1727289778070,452.51,3.0
1727289779035,452.5,1.0
1727289779234,452.41,1.0
1727289780390,452.505,6.0
1727289780993,452.54,25.0
1727289783031,452.4295,1.0
1727289783888,452.56,2.0
1727289784366,452.45,2.0
1727289784366,452.42,6.0
1727289784366,452.46,1.0
1727289787734,452.505,10.0
1727289789431,452.42,1.0
1727289790103,452.51,100.0
1727289792176,452.44,11.0
1727289792396,452.44,55.0
1727289792398,452.6,1.0
1727289792824,452.445,50.0
1727289792826,452.5032,45.0
1727289792692,452.45,10.0
1727289792692,452.44,12.0
1727289792693,452.46,28.0
1727289792695,452.4621,20.0
1727289793107,452.6,1.0
1727289793275,452.515,12.0
1727289793597,452.54,35.0
1727289793684,452.5405,1.0
1727289795262,452.4742,1.0
1727289795667,452.6,1.0
1727289795693,452.515,3.0
1727289795696,452.55,100.0
1727289795714,452.55,10.0
1727289796643,452.515,27.0
1727289797341,452.5032,7.0
1727289798300,452.44,10.0
1727289800858,452.4778,1.0
1727289805139,452.46,100.0
1727289805195,452.515,10.0
1727289862527,452.52,10.0
1727289862588,452.47,9.0
1727289867490,452.5962,1.0
1727289868163,452.62,1.0
1727289868888,452.6199,1.0
1727289868889,452.52,1.0
1727289872996,452.4966,25.0
1727289872997,452.5671,20.0
1727289872998,452.52,16.0
1727289876022,452.5232,2.0
1727289878106,452.52,21.0
1727289878203,452.5384,3.0
1727289881193,452.4212,1.0
1727289881573,452.52,1.0
1727289883956,452.52,10.0
1727289883961,452.52,9.0
1727289884057,452.4983,1.0
1727289887806,452.5342,52.0
1727289888814,452.52,6.0
1727289889385,452.51,4.0
1727289889766,452.51,1.0
1727289890379,452.61,1.0
1727289890379,452.6,50.0
1727289890379,452.61,17.0
1727289890379,452.62,103.0
1727289890379,452.61,5.0
1727289890379,452.61,10.0
1727289890379,452.61,100.0
1727289890379,452.61,5.0
1727289890380,452.525,1.0
1727289890384,452.5962,3.0
1727289894367,452.61,2.0
1727289894367,452.6,100.0
1727289894367,452.6,100.0
1727289894371,452.525,20.0
1727289896203,452.61,8.0
1727289896306,452.525,1.0
1727289897526,452.525,1.0
1727289897616,452.5,1.0
1727289898001,452.4703,10.0
1727289898087,452.5368,1.0
1727289898181,452.62,5.0
1727289898361,452.4634,1.0
1727289898380,452.525,4.0
1727289899238,452.62,1.0
1727289900004,452.4654,1.0
1727289900258,452.4629,3.0
1727289901203,452.5361,2.0
1727289901207,452.62,1.0
1727289904989,452.6193,22.0
1727289905307,452.525,4.0
1727289905354,452.525,19.0
1727289905779,452.52,100.0
1727289906035,452.6199,4.0
1727289906417,452.4991,3.0
1727289908094,452.525,100.0
1727289908134,452.61,5.0
1727289909112,452.5325,5.0
1727289910578,452.582,1.0
1727289910680,452.525,1.0
1727289910708,452.525,5.0
1727289910775,452.525,1.0
1727289911652,452.6199,1.0
1727289912658,452.43,9.0
1727289914057,452.61,8.0
1727289914360,452.525,5.0
1727289914689,452.525,20.0
1727289914825,452.5,5.0
1727289914841,452.525,2.0
1727289914933,452.5462,4.0
1727289915005,452.61,45.0
1727289915005,452.61,69.0
1727289915006,452.57,20.0
1727289915435,452.61,100.0
1727289915903,452.525,5.0
1727289916823,452.532,23.0
1727289919326,452.5548,10.0
1727289920566,452.6018,3.0
1727289920623,452.5624,3.0
1727289984790,452.5888,1.0
1727289984870,452.49,334.0
1727289986581,452.5674,8.0
1727289986831,452.5674,1.0
1727289986955,452.45,3.0
1727289986955,452.43,6.0
1727289986956,452.46,3.0
1727289986956,452.46,3.0
1727289989403,452.43,3.0
1727289990606,452.43,3.0
1727289993197,452.41,1.0
1727289993206,452.4564,1.0
1727289994536,452.5491,1.0
1727289994487,452.5888,1.0
1727289996320,452.5899,1.0
1727289996347,452.43,8.0
1727289996347,452.43,3.0
1727289996347,452.43,3.0
1727289996348,452.41,12.0
1727289996348,452.41,4.0
1727289996348,452.41,18.0
1727289996348,452.42,20.0
1727289996348,452.41,2.0
1727289996348,452.41,20.0
1727289996348,452.4,1.0
1727289996348,452.4,20.0
1727289996348,452.4,100.0
1727289996348,452.4,1.0
1727289996348,452.4,5.0
1727289996348,452.4,15.0
1727289996349,452.39,6.0
1727289996349,452.39,13.0
1727289996349,452.39,5.0
1727289996349,452.39,2.0
1727289996349,452.4,5.0
1727289996349,452.38,1.0
1727289996351,452.4,4.0
1727289998482,452.4,1.0
1727289998709,452.37,12.0
1727289998789,452.38,18.0
1727289998789,452.39,17.0
1727289998789,452.4,35.0
1727289998790,452.4,18.0
1727289998790,452.4,35.0
1727289998791,452.405,13.0
1727289998791,452.4,22.0
1727289998791,452.405,18.0
1727289999788,452.36,2.0
1727290001195,452.5381,2.0
1727290001728,452.4,1.0
1727290005007,452.4407,4.0
1727290007814,452.5381,3.0
1727290009743,452.4234,1.0
1727290010508,452.5177,8.0
1727290011609,452.4,1.0
1727290012817,452.36,1.0
1727290012817,452.36,1.0
1727290012817,452.36,1.0
1727290012817,452.36,1.0
1727290012817,452.36,5.0
1727290012818,452.35,2.0
1727290012818,452.35,1.0
1727290012818,452.35,1.0
1727290012818,452.35,1.0
1727290012818,452.34,27.0
1727290012818,452.34,1.0
1727290012818,452.34,3.0
1727290012820,452.36,39.0
1727290012826,452.375,3.0
1727290013559,452.24,1.0
1727290014397,452.5188,1.0
1727290017527,452.33,2.0
1727290018701,452.26,211.0
1727290018704,452.5,1.0
1727290020522,452.4988,1.0
1727290020637,452.38,10.0
1727290021555,452.38,1.0
1727290021858,452.5,1.0
1727290021699,452.33,10.0
1727290021699,452.33,7.0
1727290021699,452.33,1.0
1727290021883,452.32,1.0
1727290023076,452.4988,1.0
1727290024449,452.3,3.0
1727290025946,452.27,100.0
1727290027017,452.3798,2.0
1727290026982,452.305,10.0
1727290026876,452.3,1.0
1727290026877,452.3,1.0
1727290027221,452.26,10.0
1727290026891,452.27,2.0
1727290026892,452.26,8.0
1727290026892,452.26,1.0
1727290026892,452.26,11.0
1727290026892,452.26,50.0
1727290026892,452.25,3.0
1727290028747,452.34,1.0
1727290029909,452.26,3.0
1727290029910,452.25,53.0
1727290029911,452.24,1.0
1727290029912,452.22,6.0
1727290029912,452.22,1.0
1727290029912,452.22,9.0
1727290029913,452.19,1.0
1727290029914,452.19,20.0
1727290029914,452.18,62.0
1727290029992,452.43,1.0
1727290030281,452.238,2.0
1727290031009,452.17,1.0
1727290031010,452.16,3.0
1727290031054,452.3672,2.0
1727290031419,452.13,2.0
1727290033337,452.3654,1.0
1727290033547,452.39,1.0
1727290033691,452.39,1.0
1727290034642,452.39,1.0
1727290038380,452.2,1.0
1727290039416,452.3888,1.0
1727290041756,452.26,21.0
1727290042263,452.4955,1.0
1727290108794,452.38,100.0
1727290108794,452.38,105.0
1727290108794,452.38,1.0
1727290108794,452.38,1.0
1727290108794,452.38,100.0
1727290108794,452.38,84.0
1727290108794,452.38,16.0
1727290108794,452.38,100.0
1727290108794,452.34,1.0
1727290108794,452.38,54.0
1727290108794,452.38,100.0
1727290108794,452.38,4.0
1727290108794,452.38,24.0
1727290109149,452.5199,1.0
1727290110687,452.21,10.0
1727290110721,452.282,5.0
1727290111143,452.3,15.0
1727290111391,452.5188,1.0
1727290114765,452.4701,2.0
1727290114765,452.4701,2.0
1727290114766,452.4701,2.0
1727290115812,452.45,5.0
1727290116533,452.33,1.0
1727290116534,452.33,1.0
1727290116536,452.33,23.0
1727290117908,452.21,26.0
1727290119715,452.3268,3.0
1727290123407,452.22,4.0
1727290124001,452.52,1.0
1727290127885,452.3266,2.0
1727290130687,452.22,19.0
1727290131060,452.31,15.0
1727290131978,452.45,3.0
1727290132060,452.37,30.0
1727290133336,452.5188,1.0
1727290134323,452.3258,1.0
1727290135059,452.31,20.0
1727290135456,452.31,4.0
1727290137741,452.31,1.0
1727290137964,452.5,2.0
1727290138706,452.3285,1.0
1727290139287,452.52,1.0
1727290139614,452.3729,6.0
1727290141301,452.375,1.0
1727290141313,452.375,1.0
1727290141330,452.5199,4.0
1727290141333,452.52,1.0
1727290140522,452.3867,8.0
1727290141566,452.375,5.0
1727290142745,452.375,1.0
1727290148019,452.3312,1.0
1727290149257,452.375,2.0
1727290150688,452.31,19.0
1727290153573,452.3195,1.0
1727290154508,452.355,13.0
1727290154741,452.355,2.0
1727290154744,452.355,3.0
1727290155302,452.3843,3.0
1727290156418,452.48,1.0
1727290157210,452.33,20.0
1727290158384,452.3355,1.0
1727290160658,452.23,1.0
1727290161557,452.42,1.0
1727290161557,452.42,1.0
1727290161557,452.42,36.0
1727290161557,452.42,99.0
1727290161579,452.355,4.0
1727290168738,452.355,3.0
1727290230234,452.345,1.0
1727290231413,452.3621,1.0
1727290232114,452.3328,37.0
1727290232476,452.4407,35.0
1727290232657,452.2101,350.0
1727290232736,452.345,15.0
1727290233917,452.4788,1.0
1727290235069,452.2569,250.0
1727290235717,452.345,1.0
1727290235728,452.36,2.0
1727290236156,452.345,6.0
1727290238123,452.387,6.0
1727290238909,452.32,13.0
1727290239117,452.345,107.0
1727290241894,452.345,27.0
1727290242464,452.345,1.0
1727290242942,452.345,55.0
1727290242978,452.33,1.0
1727290242979,452.31,5.0
1727290243162,452.3567,2.0
1727290250011,452.345,1.0
1727290250011,452.36,20.0
1727290250691,452.3423,1.0
1727290252204,452.345,5.0
1727290253222,452.345,30.0
1727290253662,452.42,1.0
1727290256266,452.42,16.0
1727290259317,452.3425,1.0
1727290260635,452.3855,1.0
1727290262688,452.33,1.0
1727290262688,452.28,11.0
1727290262755,452.3419,1.0
1727290263903,452.3,20.0
1727290264023,452.3,27.0
1727290264402,452.4799,15.0
1727290265055,452.3487,50.0
1727290265849,452.345,1.0
1727290266148,452.345,2.0
1727290268765,452.345,1.0
1727290268414,452.345,5.0
1727290270420,452.345,3.0
1727290274062,452.36,22.0
1727290274113,452.3,1.0
1727290275423,452.48,1.0
1727290278146,452.21,12.0
1727290278414,452.3,9.0
1727290278415,452.325,20.0
1727290279274,452.48,1.0
1727290279278,452.21,1.0
1727290280081,452.345,10.0
1727290281257,452.42,3.0
1727290282572,452.339,1.0
1727290282961,452.345,1.0
1727290283165,452.48,1.0
1727290285029,452.26,5.0
1727290285031,452.345,10.0
1727290286887,452.345,23.0
1727290351230,452.275,1.0
1727290351428,452.2775,3.0
1727290351455,452.2775,2.0
1727290353953,452.3642,1.0
1727290354042,452.275,1.0
1727290354045,452.14,1.0
1727290354345,452.3128,5.0
1727290354757,452.275,20.0
1727290356091,452.36,10.0
1727290356176,452.39,1.0
1727290356176,452.39,1.0
1727290356176,452.41,12.0
1727290356176,452.4,100.0
1727290356176,452.41,100.0
1727290356176,452.41,1.0
1727290356176,452.41,18.0
1727290356176,452.4,1.0
1727290356176,452.41,162.0
1727290356176,452.38,100.0
1727290356177,452.4,18.0
1727290356177,452.38,150.0
1727290356177,452.39,20.0
1727290356177,452.41,94.0
1727290356177,452.41,6.0
1727290356177,452.41,158.0
1727290356177,452.41,6.0
1727290356177,452.41,6.0
1727290356180,452.295,6.0
1727290356181,452.41,5.0
1727290356181,452.3784,24.0
1727290356247,452.305,5.0
1727290356247,452.305,25.0
1727290357380,452.41,8.0
1727290357380,452.41,11.0
1727290357380,452.44,100.0
1727290357380,452.45,100.0
1727290357380,452.45,100.0
1727290357380,452.45,6.0
1727290357380,452.41,14.0
1727290357381,452.41,1.0
1727290357381,452.45,1.0
1727290357381,452.41,12.0
1727290357381,452.41,1.0
1727290357381,452.41,4.0
1727290357382,452.4197,20.0
1727290357382,452.305,9.0
1727290357673,452.355,1.0
1727290358322,452.408,20.0
1727290358699,452.328,6.0
1727290358968,452.36,60.0
1727290358969,452.2816,9.0
1727290359169,452.31,3.0
1727290359809,452.3366,6.0
1727290359937,452.3317,1.0
1727290360181,452.49,6.0
1727290361127,452.4569,10.0
1727290362110,452.36,1.0
1727290362115,452.36,7.0
1727290362560,452.4888,1.0
1727290363224,452.36,37.0
1727290363973,452.33,3.0
1727290363973,452.33,1.0
1727290363974,452.33,1.0
1727290364189,452.36,24.0
1727290365272,452.31,2.0
1727290365417,452.31,1.0
1727290365417,452.23,1.0
1727290366204,452.24,10.0
1727290368869,452.4899,1.0
1727290370015,452.3342,1.0
1727290371481,452.36,5.0
1727290372301,452.2734,25.0
1727290372388,452.41,4.0
1727290372769,452.4888,1.0
1727290373224,452.334,1.0
1727290373227,452.36,1.0
1727290375706,452.3,1.0
1727290375999,452.4,2.0
1727290377998,452.365,2.0
1727290378130,452.365,3.0
1727290380925,452.42,6.0
1727290380925,452.41,9.0
1727290380925,452.41,9.0
1727290380925,452.42,9.0
1727290380925,452.42,6.0
1727290380925,452.42,9.0
1727290380925,452.365,5.0
1727290380925,452.38,13.0
1727290380925,452.38,8.0
1727290381172,452.4899,1.0
1727290381729,452.44,9.0
1727290381729,452.44,9.0
1727290381729,452.47,6.0
1727290381729,452.44,6.0
1727290381729,452.44,9.0
1727290381729,452.44,18.0
1727290381729,452.44,9.0
1727290381729,452.46,6.0
1727290381729,452.45,18.0
1727290381743,452.365,24.0
1727290383828,452.37,20.0
1727290384512,452.37,2.0
1727290385170,452.37,5.0
1727290385170,452.47,117.0
1727290385172,452.355,32.0
1727290385172,452.355,39.0
1727290385173,452.3956,20.0
1727290386181,452.3379,35.0
1727290386186,452.355,100.0
1727290386120,452.355,10.0
1727290387073,452.46,9.0
1727290387073,452.46,18.0
1727290387073,452.46,82.0
1727290387073,452.46,18.0
1727290387073,452.46,8.0
1727290387073,452.46,1.0
1727290387073,452.46,182.0
1727290387073,452.46,18.0
1727290387073,452.46,82.0
1727290388216,452.49,1.0
1727290388895,452.3664,50.0
1727290388896,452.4219,20.0
1727290389716,452.38,46.0
1727290389716,452.38,33.0
1727290389716,452.3,14.0
1727290389716,452.37,2.0
1727290389716,452.38,5.0
1727290391809,452.3952,12.0
1727290392514,452.45,1.0
1727290393411,452.4629,11.0
1727290394266,452.37,31.0
1727290395427,452.3465,1.0
1727290397693,452.37,30.0
1727290399311,452.478,1.0
1727290399432,452.48,1.0
1727290400782,452.375,1.0
1727290400783,452.375,1.0
1727290401425,452.444,1.0
1727290404218,452.2916,94.0
1727290404760,452.375,21.0
1727290405032,452.3455,1.0
1727290405758,452.375,1.0
1727290470357,452.37,7.0
1727290470501,452.39,38.0
1727290472711,452.39,22.0
1727290472960,452.32,1.0
1727290473853,452.39,75.0
1727290473995,452.35,32.0
1727290474426,452.404,10.0
1727290476096,452.3757,1.0
1727290476301,452.4,2.0
1727290476672,452.39,11.0
1727290476729,452.32,11.0
1727290477425,452.39,4.0
1727290477952,452.3356,10.0
1727290478986,452.33,10.0
1727290478986,452.33,15.0
1727290479456,452.4433,1.0
1727290479968,452.44,1.0
1727290480030,452.32,2.0
1727290480085,452.32,1.0
1727290480989,452.4588,1.0
1727290481074,452.39,2.0
1727290481223,452.39,1.0
1727290484718,452.39,5.0
1727290484778,452.32,1.0
1727290484873,452.39,1.0
1727290485414,452.32,1.0
1727290485414,452.32,1.0
1727290485414,452.33,50.0
1727290485414,452.32,21.0
1727290485414,452.32,1.0
1727290485414,452.32,15.0
1727290485414,452.32,100.0
1727290485414,452.32,15.0
1727290485747,452.46,10.0
1727290485933,452.34,1.0
1727290486204,452.32,3.0
1727290486204,452.23,14.0
1727290486204,452.23,5.0
1727290486204,452.32,20.0
1727290486206,452.32,20.0
1727290488084,452.3851,3.0
1727290489792,452.33,40.0
1727290489876,452.34,3.0
1727290490386,452.3,3.0
1727290490386,452.3,4.0
1727290490386,452.29,1.0
1727290490386,452.29,1.0
1727290490386,452.29,1.0
1727290491446,452.422,1.0
1727290492106,452.4499,1.0
1727290492730,452.295,10.0
1727290495677,452.32,2.0
1727290496102,452.39,1.0
1727290496674,452.3,1.0
1727290496813,452.4,1.0
1727290496926,452.3324,1.0
1727290497217,452.3,1.0
1727290498595,452.3,1.0
1727290498599,452.3,1.0
1727290499204,452.3,1.0
1727290499863,452.28,1.0
1727290499863,452.28,1.0
1727290499885,452.27,1.0
1727290499885,452.27,1.0
1727290500611,452.295,1.0
1727290500612,452.295,1.0
1727290502654,452.16,5.0
1727290503775,452.3664,1.0
1727290503958,452.295,85.0
1727290504699,452.295,19.0
1727290504700,452.341,20.0
1727290504864,452.29,100.0
1727290510204,452.32,54.0
1727290510200,452.29,100.0
1727290510200,452.32,29.0
1727290510200,452.295,1.0
1727290510201,452.295,1.0
1727290510201,452.295,1.0
1727290510201,452.295,1.0
1727290510201,452.295,1.0
1727290510201,452.295,1.0
1727290510201,452.295,1.0
1727290510201,452.295,11.0
1727290510201,452.32,1.0
1727290509942,452.26,2.0
1727290509944,452.295,100.0
1727290509945,452.295,100.0
1727290511814,452.3535,1.0
1727290511820,452.26,2.0
1727290512143,452.4288,1.0
1727290514204,452.26,1.0
1727290514317,452.3213,15.0
1727290515534,452.295,2.0
1727290515630,452.4,23.0
1727290516651,452.4299,11.0
1727290518546,452.32,5.0
1727290518580,452.32,7.0
1727290519869,452.3828,2.0
1727290521245,452.295,1.0
1727290523466,452.3,1.0
1727290523736,452.28,100.0
1727290523736,452.19,74.0
1727290523939,452.274,15.0
1727290525327,452.4072,50.0
1727290525328,452.2974,20.0
1727290530758,452.36,5.0
1727290531441,452.36,1.0
1727290531570,452.32,1.0
1727290595418,452.12,19.0
1727290595802,452.225,1.0
1727290596540,452.27,10.0
1727290599861,452.3283,1.0
1727290604389,452.3299,3.0
1727290604418,452.17,7.0
1727290604729,452.2564,1.0
1727290605316,452.14,10.0
1727290606509,452.26,10.0
1727290606510,452.23,2.0
1727290609102,452.3,6.0
1727290609604,452.23,2.0
1727290609635,452.23,1.0
1727290610033,452.3,10.0
1727290610994,452.23,1.0
1727290615695,452.2517,1.0
1727290615764,452.33,1.0
1727290617340,452.23,1.0
1727290617767,452.27,12.0
1727290617889,452.33,1.0
1727290621589,452.1301,1.0
1727290621868,452.23,1.0
1727290622210,452.2295,3.0
1727290622290,452.23,10.0
1727290622297,452.23,15.0
1727290623797,452.2516,2.0
1727290625450,452.14,10.0
1727290627997,452.1401,5.0
1727290628014,452.235,2.0
1727290629873,452.15,2.0
1727290630679,452.28,1.0
1727290631858,452.1598,5.0
1727290631904,452.235,100.0
1727290632222,452.235,1.0
1727290634287,452.3068,1.0
1727290636652,452.2431,1.0
1727290636757,452.1401,1.0
1727290638103,452.235,1.0
1727290641052,452.22,4.0
1727290641052,452.22,1.0
1727290641336,452.216,27.0
1727290642178,452.235,14.0
1727290643574,452.14,20.0
1727290644769,452.2454,3.0
1727290646098,452.3022,20.0
1727290646135,452.16,100.0
1727290646260,452.235,2.0
1727290646808,452.33,75.0
1727290646809,452.216,21.0
1727290647334,452.15,7.0
1727290647334,452.15,21.0
1727290647334,452.18,10.0
1727290647334,452.15,7.0
1727290647334,452.15,17.0
1727290647335,452.17,24.0
1727290647608,452.2381,1.0
1727290648218,452.3299,50.0
1727290648161,452.235,8.0
1727290714759,452.21,25.0
1727290714546,452.33,20.0
1727290715298,452.21,5.0
1727290715975,452.2,50.0
1727290716395,452.33,1.0
1727290716550,452.2126,1.0
1727290717804,452.33,1.0
1727290717536,452.3599,1.0
1727290717669,452.21,1.0
1727290717669,452.21,18.0
1727290717915,452.3242,1.0
1727290718360,452.21,1.0
1727290720521,452.33,50.0
1727290720644,452.3599,1.0
1727290722569,452.21,100.0
1727290722569,452.22,100.0
1727290723098,452.3599,10.0
1727290724040,452.3588,1.0
1727290726242,452.215,29.0
1727290728165,452.0701,20.0
1727290729060,452.1716,19.0
1727290730595,452.36,1.0
1727290730673,452.3588,1.0
1727290730971,452.2026,29.0
1727290732185,452.3599,4.0
1727290732191,452.2454,1.0
1727290732242,452.22,206.0
1727290733314,452.2925,15.0
1727290734035,452.215,1.0
1727290734244,452.215,1.0
1727290734248,452.2,3.0
1727290734249,452.17,10.0
1727290734249,452.12,1.0
1727290734249,452.17,10.0
1727290734249,452.16,2.0
1727290734249,452.18,1.0
1727290734250,452.17,1.0
1727290734250,452.16,3.0
1727290734251,452.17,2.0
1727290734253,452.215,1.0
1727290735699,452.2133,2.0
1727290737347,452.2133,1.0
1727290737468,452.36,1.0
1727290737819,452.3588,1.0
1727290737954,452.2,1.0
1727290739805,452.215,1.0
1727290741224,452.19,1.0
1727290742511,452.08,1.0
1727290743952,452.3088,1.0
1727290745590,452.24,1.0
1727290747740,452.1131,10.0
1727290748251,452.2001,1.0
1727290749159,452.15,50.0
1727290749160,452.14,1.0
1727290749160,452.14,48.0
1727290749608,452.2822,1.0
1727290749880,452.212,1.0
1727290750075,452.3088,1.0
1727290750100,452.19,35.0
1727290750866,452.31,1.0
1727290751614,452.22,1.0
1727290753358,452.2134,1.0
1727290753724,452.2826,2.0
1727290755551,452.15,10.0
1727290755551,452.15,10.0
1727290755551,452.15,3.0
1727290755555,452.15,36.0
1727290755555,452.15,2.0
1727290755555,452.09,2.0
1727290755555,452.12,1.0
1727290755555,452.1,1.0
1727290755555,452.09,1.0
1727290755555,452.15,1.0
1727290755555,452.15,7.0
1727290755555,452.14,9.0
1727290755555,452.17,15.0
1727290755556,452.1,9.0
1727290755556,452.08,200.0
1727290755556,452.08,100.0
1727290755557,452.2347,21.0
1727290755558,452.15,3.0
1727290755566,452.1,200.0
1727290755566,452.09,100.0
1727290755566,452.08,100.0
1727290755800,452.13,4.0
1727290755870,452.15,1.0
1727290756206,452.2188,1.0
1727290756798,452.15,1.0
1727290757338,452.11,1.0
1727290757862,452.171,1.0
1727290758334,452.22,1.0
1727290759076,452.2199,83.0
1727290760057,452.2097,1.0
1727290760783,452.15,4.0
1727290762304,452.1986,1.0
1727290763577,452.0967,2.0
1727290763870,452.0967,1.0
1727290763911,452.08,16.0
1727290763911,452.08,3.0
1727290764867,452.16,1.0
1727290764868,452.17,2.0
1727290766315,452.11,9.0
1727290768834,452.19,33.0
1727290768834,452.19,62.0
1727290768834,452.2,25.0
1727290768834,452.2,25.0
1727290768834,452.18,62.0
1727290768834,452.2,38.0
1727290768834,452.18,62.0
1727290768834,452.19,55.0
1727290768834,452.18,100.0
1727290768834,452.2,33.0
1727290768836,452.15,2.0
1727290768837,452.155,5.0
1727290768838,452.15,24.0
1727290768841,452.2,9.0
1727290768867,452.16,7.0
1727290769442,452.0801,6.0
1727290769484,452.0812,1.0
1727290773113,452.0801,19.0
1727290773116,452.08,1.0
1727290773691,452.2,32.0
1727290773725,452.17,6.0
1727290837529,452.24,2.0
1727290837544,452.1772,1.0
1727290838264,452.26,76.0
1727290838264,452.195,20.0
1727290838511,452.28,1.0
1727290839745,452.195,40.0
1727290839753,452.2799,1.0
1727290839767,452.2017,19.0
1727290843440,452.145,2.0
1727290846815,452.195,1.0
1727290846825,452.195,2.0
1727290849042,452.195,1.0
1727290849662,452.1557,10.0
1727290849704,452.1117,5.0
1727290850189,452.195,7.0
1727290850602,452.1753,1.0
1727290853057,452.195,50.0
1727290853057,452.195,50.0
1727290854389,452.1962,100.0
1727290854573,452.2586,14.0
1727290854621,452.27,7.0
1727290854621,452.26,10.0
1727290854789,452.2,23.0
1727290855184,452.27,139.0
1727290856295,452.1651,5.0
1727290856339,452.28,100.0
1727290856339,452.27,10.0
1727290856340,452.28,7.0
1727290856340,452.27,1.0
1727290856340,452.28,100.0
1727290856340,452.28,10.0
1727290856340,452.28,18.0
1727290856340,452.28,1.0
1727290856340,452.28,100.0
1727290856342,452.2,6.0
1727290856343,452.28,10.0
1727290856352,452.2,25.0
1727290856395,452.28,50.0
1727290856397,452.2,57.0
1727290856397,452.2,5.0
1727290856398,452.2,18.0
1727290856472,452.215,2.0
1727290857022,452.28,45.0
1727290857022,452.29,18.0
1727290857030,452.29,46.0
1727290857305,452.29,36.0
1727290857305,452.3,157.0
1727290857305,452.24,100.0
1727290857523,452.245,1.0
1727290861144,452.2316,11.0
1727290858686,452.1578,21.0
1727290861786,452.24,90.0
1727290861758,452.24,52.0
1727290862536,452.295,3.0
1727290862574,452.295,3.0
1727290863638,452.35,1.0
1727290864907,452.3499,1.0
1727290866007,452.3499,1.0
1727290866352,452.2765,1.0
1727290867402,452.245,12.0
1727290866497,452.3,14.0
1727290867625,452.25,10.0
1727290868858,452.25,50.0
1727290868858,452.24,1.0
1727290868858,452.24,1.0
1727290868859,452.24,36.0
1727290868859,452.24,55.0
1727290869187,452.1944,1.0
1727290870008,452.25,4.0
1727290870008,452.26,1.0
1727290870008,452.28,10.0
1727290870008,452.25,3.0
1727290870010,452.28,23.0
1727290869849,452.28,4.0
1727290869852,452.28,4.0
1727290869857,452.24,50.0
1727290869858,452.22,1.0
1727290869858,452.21,39.0
1727290869858,452.21,23.0
1727290869858,452.27,10.0
1727290869858,452.21,29.0
1727290870257,452.21,90.0
1727290870258,452.21,52.0
1727290870157,452.23,100.0
1727290870157,452.21,13.0
1727290870157,452.21,61.0
1727290870157,452.21,6.0
1727290870158,452.21,157.0
1727290870548,452.28,2.0
1727290872279,452.2694,39.0
1727290872402,452.28,3.0
1727290873513,452.22,7.0
1727290873513,452.28,10.0
1727290873513,452.25,10.0
1727290873513,452.21,24.0
1727290873513,452.24,1.0
1727290873513,452.23,1.0
1727290873513,452.22,1.0
1727290873514,452.21,1.0
1727290873514,452.21,36.0
1727290873559,452.18,54.0
1727290873557,452.21,7.0
1727290873557,452.21,100.0
1727290873557,452.21,1.0
1727290873557,452.21,8.0
1727290873557,452.21,10.0
1727290873557,452.21,100.0
1727290873557,452.21,75.0
1727290873557,452.21,10.0
1727290873557,452.21,36.0
1727290873557,452.2,1.0
1727290873557,452.18,100.0
1727290873557,452.2,1.0
1727290873558,452.2,10.0
1727290873558,452.18,6.0
1727290873558,452.18,7.0
1727290873465,452.31,9.0
1727290874040,452.225,1.0
1727290874158,452.21,157.0
1727290874158,452.21,30.0
1727290874180,452.22,45.0
1727290874366,452.28,25.0
1727290875417,452.24,7.0
1727290875738,452.24,1.0
1727290875932,452.24,1.0
1727290876796,452.24,3.0
1727290877040,452.16,64.0
1727290877065,452.17,1.0
1727290878375,452.23,10.0
1727290878375,452.21,2.0
1727290878375,452.28,4.0
1727290878375,452.21,36.0
1727290878376,452.21,198.0
1727290878376,452.21,4.0
1727290878376,452.21,36.0
1727290878456,452.21,52.0
1727290878670,452.285,10.0
1727290879277,452.225,1.0
1727290879956,452.2296,3.0
1727290880558,452.21,3.0
1727290881737,452.22,10.0
1727290883078,452.2299,4.0
1727290883148,452.25,4.0
1727290883333,452.3488,1.0
1727290883504,452.25,1.0
1727290883855,452.2108,1.0
1727290883856,452.25,2.0
1727290886873,452.3458,1.0
1727291138098,452.4994,1.0
1727291138344,452.43,1.0
1727291137620,452.39,8.0
1727291140949,452.5099,1.0
1727291142479,452.38,11.0
1727291142479,452.39,1.0
1727291146278,452.5,8.0
1727291146814,452.3612,1.0
1727291147766,452.435,23.0
1727291147964,452.435,11.0
1727291148325,452.3922,1.0
1727291149149,452.435,10.0
1727291150175,452.43,1.0
1727291150196,452.37,81.0
1727291150427,452.435,7.0
1727291150429,452.435,1.0
1727291150671,452.435,15.0
1727291152512,452.3755,2.0
1727291152595,452.435,22.0
1727291152655,452.435,1.0
1727291153681,452.4165,1.0
1727291154069,452.3601,2.0
1727291153999,452.435,11.0
1727291154619,452.3601,1.0
1727291154901,452.435,1.0
1727291157198,452.299,100.0
1727291157685,452.44,2.0
1727291157755,452.44,5.0
1727291157891,452.37,150.0
1727291159157,452.44,22.0
1727291159160,452.51,1.0
1727291159394,452.44,1.0
1727291159285,452.42,7.0
1727291160146,452.3946,1.0
1727291161059,452.4645,1.0
1727291162459,452.3964,1.0
1727291163107,452.5087,10.0
1727291163235,452.4328,4.0
1727291165272,452.3902,50.0
1727291166236,452.49,1.0
1727291166236,452.48,2.0
1727291166393,452.445,1.0
1727291167348,452.445,13.0
1727291167351,452.445,1.0
1727291169437,452.497,38.0
1727291169598,452.445,1.0
1727291172415,452.5099,1.0
1727291172417,452.445,1.0
1727291175317,452.3946,100.0
1727291176283,452.4403,84.0
1727291176412,452.5088,1.0
1727291176995,452.445,17.0
1727291177078,452.4987,228.0
1727291178625,452.5,1.0
1727291178626,452.51,100.0
1727291178626,452.51,2.0
1727291178626,452.51,96.0
1727291178626,452.51,100.0
1727291178626,452.51,100.0
1727291178626,452.51,1.0
1727291178626,452.51,1.0
1727291178626,452.51,85.0
1727291178700,452.3901,110.0
1727291179022,452.442,3.0
1727291180075,452.4176,1.0
1727291180288,452.49,1.0
1727291180875,452.51,13.0
1727291180876,452.51,1.0
1727291180878,452.52,6.0
1727291180538,452.46,3.0
1727291183187,452.52,9.0
1727291183362,452.52,1.0
1727291183362,452.52,1.0
1727291183672,452.46,7.0
1727291183672,452.44,5.0
1727291184553,452.455,1.0
1727291185731,452.41,14.0
1727291186509,452.44,5.0
1727291186509,452.43,7.0
1727291186798,452.455,75.0
1727291189748,452.41,2.0
1727291191085,452.4266,1.0
1727291265271,452.48,10.0
1727291265585,452.61,1.0
1727291267918,452.525,126.0
1727291271339,452.4511,48.0
1727291271615,452.5175,25.0
1727291272941,452.6099,1.0
1727291273497,452.5897,1.0
1727291273662,452.525,10.0
1727291275277,452.525,1.0
1727291277511,452.44,1.0
1727291277701,452.5068,1.0
1727291281821,452.56,36.0
1727291281822,452.525,33.0
1727291281822,452.54,33.0
1727291281822,452.525,100.0
1727291281822,452.525,1.0
1727291281822,452.58,32.0
1727291281823,452.58,8.0
1727291281823,452.58,100.0
1727291281823,452.59,45.0
1727291281823,452.59,17.0
1727291281823,452.59,45.0
1727291281823,452.6,155.0
1727291281824,452.53,36.0
1727291281851,452.6099,3.0
1727291281866,452.52,1.0
1727291281866,452.53,1.0
1727291281866,452.53,1.0
1727291281866,452.53,7.0
1727291281878,452.53,1.0
1727291281925,452.61,5.0
1727291281965,452.55,30.0
1727291282360,452.53,1.0
1727291283652,452.5,2.0
1727291285353,452.56,45.0
1727291285353,452.58,69.0
1727291285354,452.58,29.0
1727291285354,452.555,2.0
1727291285354,452.58,2.0
1727291285354,452.555,40.0
1727291285354,452.57,1.0
1727291285354,452.555,2.0
1727291285354,452.59,2.0
1727291285354,452.555,2.0
1727291285354,452.555,40.0
1727291285355,452.555,20.0
1727291285355,452.57,45.0
1727291285355,452.6,16.0
1727291285357,452.57,1.0
1727291285819,452.58,1.0
1727291285819,452.58,34.0
1727291285819,452.61,25.0
1727291285819,452.555,2.0
1727291285358,452.555,2.0
1727291285358,452.57,45.0
1727291285358,452.6,36.0
1727291285361,452.58,1.0
1727291285361,452.555,2.0
1727291286400,452.5272,1.0
1727291286408,452.5946,5.0
1727291286589,452.555,2.0
1727291287871,452.555,2.0
1727291291184,452.5229,7.0
1727291295378,452.5,1.0
1727291295378,452.5,89.0
1727291295379,452.5,69.0
1727291295490,452.505,1.0
1727291297127,452.57,2.0
1727291297476,452.5033,3.0
1727291299903,452.51,17.0
1727291300082,452.5391,2.0
1727291300327,452.5873,1.0
1727291302313,452.51,1.0
1727291302314,452.51,2.0
1727291301930,452.51,1.0
1727291302768,452.5001,5.0
1727291302906,452.6099,1.0
1727291303496,452.5001,1.0
1727291303586,452.5,1.0
1727291303586,452.5,1.0
1727291303587,452.5,100.0
1727291303587,452.5,20.0
1727291303587,452.5,1.0
1727291303587,452.5,1.0
1727291303643,452.46,6.0
1727291303643,452.46,1.0
1727291303656,452.46,53.0
1727291303657,452.46,1.0
1727291303657,452.46,2.0
1727291303657,452.46,3.0
1727291304993,452.45,3.0
1727291305737,452.5377,2.0
1727291309002,452.53,1.0
1727291309614,452.5394,1.0
1727291309633,452.48,3.0
1727291313781,452.48,7.0
1727291313784,452.48,16.0
1727291314024,452.48,1.0
1727291314044,452.48,12.0
1727291314045,452.48,19.0
1727291315067,452.48,44.0
1727291379607,452.42,81.0
1727291382496,452.485,17.0
1727291382744,452.5977,13.0
1727291383009,452.42,2.0
1727291383343,452.39,7.0
1727291383343,452.37,2.0
1727291383343,452.42,20.0
1727291383343,452.42,13.0
1727291383343,452.41,8.0
1727291383343,452.37,11.0
1727291383343,452.4,1.0
1727291383343,452.39,10.0
1727291383343,452.37,13.0
1727291383343,452.4,1.0
1727291383343,452.4,1.0
1727291383343,452.37,62.0
1727291383343,452.39,1.0
1727291383343,452.38,1.0
1727291383343,452.37,200.0
1727291383343,452.37,2.0
1727291383343,452.38,7.0
1727291383343,452.4,5.0
1727291383343,452.4,6.0
1727291383343,452.39,9.0
1727291383343,452.39,1.0
1727291383343,452.39,1.0
1727291383343,452.37,2.0
1727291383343,452.37,3.0
1727291383343,452.37,2.0
1727291383343,452.37,2.0
1727291383343,452.37,1.0
1727291383343,452.37,3.0
1727291383343,452.37,1.0
1727291383343,452.37,88.0
1727291383343,452.37,20.0
1727291383343,452.42,1.0
1727291383343,452.42,1.0
1727291383343,452.42,1.0
1727291383343,452.42,2.0
1727291383349,452.44,1.0
1727291383350,452.38,100.0
1727291383809,452.4946,1.0
1727291384149,452.395,38.0
1727291384803,452.395,1.0
1727291384808,452.4237,10.0
1727291384898,452.431,13.0
1727291384901,452.395,2.0
1727291385694,452.395,1.0
1727291389110,452.37,3.0
1727291389110,452.37,20.0
1727291389110,452.36,10.0
1727291389110,452.35,3.0
1727291389110,452.35,56.0
1727291389110,452.35,248.0
1727291389110,452.35,1.0
1727291389110,452.35,1.0
1727291389110,452.36,10.0
1727291389110,452.36,35.0
1727291389110,452.35,4.0
1727291389110,452.35,15.0
1727291389110,452.35,14.0
1727291389110,452.35,1.0
1727291389110,452.35,2.0
1727291389110,452.35,56.0
1727291389110,452.35,2.0
1727291389110,452.35,24.0
1727291389110,452.35,3.0
1727291389110,452.34,12.0
1727291389110,452.34,10.0
1727291389111,452.34,2.0
1727291389111,452.34,5.0
1727291389111,452.34,2.0
1727291389111,452.34,6.0
1727291389111,452.34,1.0
1727291389117,452.34,9.0
1727291389140,452.34,10.0
1727291389140,452.33,1.0
1727291389140,452.33,10.0
1727291389140,452.33,1.0
1727291389162,452.34,15.0
1727291389744,452.37,30.0
1727291390173,452.44,1.0
1727291390883,452.31,1.0
1727291390883,452.31,1.0
1727291390883,452.31,22.0
1727291390883,452.31,17.0
1727291390883,452.31,27.0
1727291390883,452.31,2.0
1727291390885,452.31,1.0
1727291391019,452.3,3.0
1727291391020,452.29,1.0
1727291391020,452.3,1.0
1727291391020,452.29,37.0
1727291391020,452.3,300.0
1727291391020,452.29,176.0
1727291391020,452.29,1.0
1727291391021,452.28,3.0
1727291391021,452.28,1.0
1727291391021,452.3,1.0
1727291391023,452.28,7.0
1727291391025,452.29,1.0
1727291391242,452.25,5.0
1727291392495,452.44,1.0
1727291397427,452.33,1.0
1727291397674,452.4399,25.0
1727291397757,452.33,1.0
1727291400636,452.39,2.0
1727291400238,452.3488,100.0
1727291401101,452.33,1.0
1727291402606,452.28,1.0
1727291406291,452.4141,1.0
1727291409734,452.36,4.0
1727291409734,452.36,14.0
1727291409874,452.4399,1.0
1727291410968,452.36,35.0
1727291412171,452.4399,113.0
1727291412205,452.31,9.0
1727291412207,452.4133,1.0
1727291412404,452.2819,15.0
1727291412632,452.388,19.0
1727291412636,452.28,200.0
1727291412645,452.31,50.0
1727291412645,452.29,50.0
1727291412653,452.36,1.0
1727291412653,452.36,1.0
1727291416667,452.36,10.0
1727291415390,452.4,1.0
1727291416499,452.4006,2.0
1727291419473,452.44,1.0
1727291419661,452.36,1.0
1727291420010,452.36,1.0
1727291420010,452.36,1.0
1727291420010,452.36,5.0
1727291421642,452.39,36.0
1727291421642,452.39,36.0
1727291421642,452.39,1.0
1727291421642,452.39,1.0
1727291421675,452.39,3.0
1727291421675,452.4,1.0
1727291421675,452.4,36.0
1727291421676,452.36,1.0
1727291421676,452.36,11.0
1727291422183,452.36,1.0
1727291422387,452.4,1.0
1727291422387,452.4,11.0
1727291422508,452.33,7.0
1727291422567,452.44,1.0
1727291423147,452.44,1.0
1727291423662,452.315,1.0
1727291423833,452.43,36.0
1727291423833,452.37,100.0
1727291423847,452.3,148.0
1727291424322,452.37,1.0
1727291425970,452.4399,1.0
1727291428504,452.43,1.0
1727291428733,452.43,1.0
1727291428640,452.4388,1.0
1727291428987,452.3867,32.0
1727291433395,452.42,36.0
1727291433395,452.43,36.0
1727291433395,452.44,80.0
1727291433395,452.43,73.0
1727291433396,452.44,200.0
1727291433396,452.44,240.0
1727291433396,452.43,100.0
1727291433396,452.44,147.0
1727291433396,452.44,8.0
1727291433396,452.44,9.0
1727291433396,452.44,100.0
1727291433396,452.44,26.0
1727291433396,452.44,74.0
1727291433399,452.43,15.0
1727291433404,452.41,2.0
1727291435259,452.4785,6.0
1727291436226,452.43,10.0
1727291437051,452.4933,1.0
1727291439116,452.41,17.0
1727291439116,452.41,16.0
1727291439117,452.37,1.0
1727291502937,452.2284,10.0
1727291505576,452.4,1.0
1727291505695,452.3679,1.0
1727291507375,452.26,1.0
1727291507469,452.24,5.0
1727291507575,452.23,4.0
1727291507683,452.23,6.0
1727291508351,452.2285,30.0
1727291511905,452.25,15.0
1727291513681,452.4,5.0
1727291514363,452.2201,11.0
1727291514735,452.31,1.0
1727291514965,452.2356,33.0
1727291515316,452.2201,1.0
1727291515778,452.345,1.0
1727291516132,452.47,1.0
1727291516292,452.345,2.0
1727291518847,452.3822,9.0
1727291518850,452.345,2.0
1727291519417,452.34,20.0
1727291519417,452.34,20.0
1727291520452,452.3776,1.0
1727291520971,452.47,2.0
1727291521219,452.355,5.0
1727291521785,452.3776,1.0
1727291524363,452.32,1.0
1727291524363,452.32,1.0
1727291524363,452.32,1.0
1727291524363,452.32,5.0
1727291525584,452.37,1.0
1727291525246,452.355,11.0
1727291526260,452.384,9.0
1727291526287,452.2601,4.0
1727291530150,452.4405,1.0
1727291530264,452.4499,9.0
1727291531489,452.26,1.0
1727291532206,452.37,2.0
1727291532207,452.355,40.0
1727291532209,452.376,1.0
1727291534478,452.3,2.0
1727291534577,452.29,1.0
1727291534579,452.36,37.0
1727291533912,452.3744,1.0
1727291533954,452.36,1.0
1727291533958,452.37,1.0
1727291533982,452.45,1.0
1727291535541,452.3838,1.0
1727291537132,452.28,1.0
1727291537132,452.28,2.0
1727291537132,452.28,100.0
1727291537132,452.28,200.0
1727291537132,452.28,2.0
1727291537132,452.28,2.0
1727291537132,452.28,4.0
1727291537132,452.28,3.0
1727291537132,452.28,100.0
1727291537132,452.28,89.0
1727291537132,452.28,11.0
1727291537132,452.28,1200.0
1727291537132,452.28,6.0
1727291537132,452.28,100.0
1727291537132,452.28,100.0
1727291537132,452.28,100.0
1727291537132,452.28,200.0
1727291537132,452.28,56.0
1727291537133,452.28,36.0
1727291537136,452.325,6.0
1727291537178,452.27,1.0
1727291537406,452.325,21.0
1727291538420,452.45,1.0
1727291539449,452.325,5.0
1727291539309,452.3174,5.0
1727291539767,452.342,2.0
1727291540474,452.2514,7.0
1727291540476,452.2,1.0
1727291540481,452.3174,1.0
1727291540068,452.28,10.0
1727291540068,452.26,21.0
1727291540068,452.29,1.0
1727291541014,452.24,100.0
1727291541069,452.26,1.0
1727291543213,452.22,19.0
1727291544251,452.3014,5.0
1727291544288,452.32,5.0
1727291545360,452.32,1.0
1727291545407,452.33,2.0
1727291545432,452.3201,1.0
1727291547063,452.32,3.0
1727291549053,452.3416,1.0
1727291550573,452.44,7.0
1727291553101,452.32,5.0
1727291554143,452.3595,4.0
1727291556847,452.2291,495.0
1727291556879,452.25,9.0
1727291556879,452.25,11.0
1727291556879,452.28,1.0
1727291557119,452.36,4.0
1727291557996,452.22,17.0
1727291557997,452.22,12.0
1727291558080,452.28,1.0
1727291558178,452.28,1.0
1727291561208,452.21,3.0
1727291561325,452.21,1.0
1727291624571,452.314,1.0
1727291624600,452.245,1.0
1727291625176,452.2938,18.0
1727291626885,452.22,17.0
1727291627377,452.2857,100.0
1727291627377,452.2568,1.0
1727291629731,452.255,26.0
1727291629732,452.255,20.0
1727291629732,452.255,2.0
1727291630002,452.2573,1.0
1727291631295,452.2,4.0
1727291632051,452.2,31.0
1727291631641,452.2609,6.0
1727291632164,452.36,1.0
1727291632713,452.255,14.0
1727291632885,452.36,8.0
1727291633616,452.255,37.0
1727291633774,452.1512,1.0
1727291634406,452.255,1.0
1727291635257,452.22,9.0
1727291635258,452.23,2.0
1727291635258,452.23,2.0
1727291635308,452.22,5.0
1727291635308,452.2,1.0
1727291635308,452.22,5.0
1727291635308,452.23,1.0
1727291635308,452.2,20.0
1727291635308,452.2,17.0
1727291635309,452.21,50.0
1727291635310,452.2,19.0
1727291634954,452.36,1.0
1727291635582,452.22,5.0
1727291635582,452.23,1.0
1727291635583,452.2,20.0
1727291635583,452.2,11.0
1727291636364,452.2,8.0
1727291635827,452.2,5.0
1727291635828,452.23,11.0
1727291636631,452.19,1.0
1727291636631,452.19,6.0
1727291636115,452.23,8.0
1727291636116,452.2,1.0
1727291636116,452.2,2.0
1727291636898,452.2,4.0
1727291637183,452.2,4.0
1727291637445,452.2,2.0
1727291637445,452.18,2.0
1727291637709,452.18,2.0
1727291637987,452.16,2.0
1727291638525,452.22,10.0
1727291638925,452.16,4.0
1727291639215,452.18,10.0
1727291640226,452.28,3.0
1727291640257,452.15,2.0
1727291640758,452.255,10.0
1727291640827,452.255,18.0
1727291647685,452.2363,3.0
1727291648994,452.2542,2.0
1727291649322,452.255,1.0
1727291649454,452.22,13.0
1727291649455,452.24,25.0
1727291649455,452.25,13.0
1727291649456,452.25,62.0
1727291649496,452.18,1.0
1727291649496,452.15,1.0
1727291649496,452.15,5.0
1727291649547,452.23,1.0
1727291650369,452.1696,70.0
1727291652087,452.313,50.0
1727291652172,452.15,1.0
1727291652491,452.15,1.0
1727291652491,452.15,43.0
1727291652491,452.15,32.0
1727291652530,452.16,1.0
1727291652531,452.16,99.0
1727291652531,452.15,73.0
1727291652552,452.255,1.0
1727291655782,452.15,8.0
1727291656893,452.17,100.0
1727291657115,452.1734,3.0
1727291658445,452.22,50.0
1727291658836,452.3,1.0
1727291659234,452.16,100.0
1727291659936,452.1501,11.0
1727291661728,452.1733,1.0
1727291661557,452.18,10.0
1727291661558,452.16,3.0
1727291661837,452.15,364.0
1727291661837,452.15,2.0
1727291661837,452.15,1.0
1727291661837,452.15,20.0
1727291661837,452.15,10.0
1727291661837,452.15,124.0
1727291661837,452.15,72.0
1727291661837,452.15,1.0
1727291661837,452.15,1.0
1727291661837,452.15,26.0
1727291661837,452.15,1.0
1727291661837,452.15,10.0
1727291661837,452.15,36.0
1727291661837,452.15,1.0
1727291661837,452.13,100.0
1727291661838,452.14,7.0
1727291661838,452.14,1.0
1727291661838,452.14,4.0
1727291661838,452.13,7.0
1727291661838,452.12,21.0
1727291661838,452.11,1.0
1727291661838,452.12,10.0
1727291661838,452.12,16.0
1727291661838,452.11,6.0
1727291661838,452.12,2.0
1727291661838,452.12,4.0
1727291661838,452.15,50.0
1727291661840,452.15,300.0
1727291661846,452.15,100.0
1727291661950,452.08,1.0
1727291661965,452.12,2.0
1727291663417,452.2142,2.0
1727291664189,452.1605,6.0
1727291664294,452.1438,1.0
1727291664388,452.22,48.0
1727291664430,452.1039,1.0
1727291667413,452.19,28.0
1727291668503,452.1002,8.0
1727291668506,452.1,3.0
1727291668506,452.1,4.0
1727291668506,452.1,7.0
1727291668506,452.1,1.0
1727291668507,452.1,10.0
1727291669368,452.08,22.0
1727291670418,452.08,34.0
1727291672709,452.11,100.0
1727291672513,452.08,2.0
1727291672513,452.1,9.0
1727291672513,452.08,18.0
1727291672513,452.08,20.0
1727291672513,452.08,66.0
1727291672513,452.08,1.0
1727291672513,452.08,6.0
1727291672513,452.08,100.0
1727291672513,452.08,8.0
1727291672513,452.08,1.0
1727291672514,452.07,3.0
1727291672515,452.08,2.0
1727291674792,452.12,50.0
1727291674792,452.13,50.0
1727291677881,452.2031,3.0
1727291677925,452.06,25.0
1727291677926,452.06,3.0
1727291682545,452.1289,67.0
1727291737253,452.02,8.0
1727291737340,452.1278,315.0
1727291738049,452.02,9.0
1727291738530,452.0938,8.0
1727291740541,452.105,1.0
1727291741091,452.2,5.0
1727291741216,452.1984,8.0
1727291741719,452.1999,15.0
1727291742660,452.03,3.0
1727291745932,452.105,1.0
1727291745973,452.02,6.0
1727291745974,452.01,100.0
1727291746381,452.08,1.0
1727291746860,452.2,50.0
1727291747271,452.01,1.0
1727291747271,452.01,14.0
1727291747271,452.01,1.0
1727291747271,452.01,36.0
1727291747271,452.01,3.0
1727291747271,452.01,1.0
1727291747271,452.01,1.0
1727291747271,452.01,4.0
1727291747271,452.01,2.0
1727291747272,452.01,1.0
1727291747272,452.01,36.0
1727291747382,452.1318,2.0
1727291748525,452.0101,9.0
1727291749169,452.02,6.0
1727291749169,452.01,6.0
1727291749169,452.01,6.0
1727291749169,452.01,9.0
1727291749169,452.01,1.0
1727291749169,452.01,1.0
1727291749169,452.01,1.0
1727291749169,452.01,1.0
1727291749169,452.01,4.0
1727291749169,452.03,19.0
1727291749169,452.03,28.0
1727291749169,452.01,10.0
1727291749169,452.01,83.0
1727291749169,452.01,1.0
1727291749169,452.01,1.0
1727291749169,452.01,7.0
1727291749169,452.01,2.0
1727291749169,452.01,17.0
1727291749169,452.01,11.0
1727291749169,452.01,10.0
1727291749169,452.0,14.0
1727291749169,452.01,6.0
1727291749169,452.0,9.0
1727291749169,452.0,1.0
1727291749169,452.0,1.0
1727291749169,452.0,1.0
1727291749169,452.0,5.0
1727291749169,452.0,22.0
1727291749169,452.0,1.0
1727291749169,452.0,5.0
1727291749169,452.0,13.0
1727291749169,452.01,40.0
1727291749169,452.0,2.0
1727291749169,452.0,1.0
1727291749169,452.0,1.0
1727291749169,452.0,2.0
1727291749169,452.0,200.0
1727291749169,452.0,5.0
1727291749169,452.0,20.0
1727291749169,452.0,4.0
1727291749169,452.0,1.0
1727291749169,452.0,1.0
1727291749169,452.0,14.0
1727291749169,452.01,60.0
1727291749169,452.0,1.0
1727291749170,452.0,466.0
1727291749170,452.01,10.0
1727291749170,452.0,11.0
1727291749170,452.0,50.0
1727291749170,452.0,30.0
1727291749170,452.0,5.0
1727291749170,452.0,1.0
1727291749170,452.0,1.0
1727291749170,452.0,1.0
1727291749170,452.0,5.0
1727291749170,452.0,169.0
1727291749170,452.0,4.0
1727291749170,452.0,30.0
1727291749170,452.0,1.0
1727291749170,452.0,1.0
1727291749170,452.0,25.0
1727291749170,452.0,1.0
1727291749170,452.0,4.0
1727291749170,452.0,13.0
1727291749170,452.0,1.0
1727291749170,452.0,11.0
1727291749170,452.0,1.0
1727291749170,452.0,1.0
1727291749170,452.0,5.0
1727291749170,452.0,22.0
1727291749170,452.0,1.0
1727291749170,452.0,1.0
1727291749170,452.0,100.0
1727291749170,452.0,1.0
1727291749170,452.0,1.0
1727291749170,452.0,1.0
1727291749170,452.0,10.0
1727291749170,452.01,20.0
1727291749170,452.0,4.0
1727291749170,452.0,50.0
1727291749170,452.01,20.0
1727291749170,452.0,2.0
1727291749170,452.0,329.0
1727291749170,452.0,1.0
1727291749170,452.0,20.0
1727291749170,452.0,3.0
1727291749170,452.0,5.0
1727291749170,452.0,1.0
1727291749170,452.0,1.0
1727291749170,452.0,2.0
1727291749170,452.0,2.0
1727291749170,452.01,20.0
1727291749170,452.01,10.0
1727291749170,452.0,2.0
1727291749170,452.01,1.0
1727291749170,452.01,1.0
1727291749170,452.01,8.0
1727291749170,452.01,10.0
1727291749170,452.0,10.0
1727291749170,452.0,1.0
1727291749170,452.0,9.0
1727291749170,452.0,10.0
1727291749170,452.0,5.0
1727291749170,452.0,1.0
1727291749170,452.0,11.0
1727291749170,452.0,2.0
1727291749170,452.0,10.0
1727291749170,452.0,2.0
1727291749170,452.0,936.0
1727291749170,452.0,1.0
1727291749170,452.0,1.0
1727291749170,452.0,9.0
1727291749170,452.0,50.0
1727291749170,451.99,1.0
1727291749170,452.0,20.0
1727291749170,452.0,2.0
1727291749170,452.0,229.0
1727291749170,452.0,10.0
1727291749170,452.0,1.0
1727291749170,452.0,3.0
1727291749170,452.0,5.0
1727291749170,452.0,100.0
1727291749170,452.0,20.0
1727291749170,452.0,1.0
1727291749170,452.0,1.0
1727291749170,452.0,12.0
1727291749170,452.0,1.0
1727291749170,452.0,1.0
1727291749170,452.0,1.0
1727291749170,452.0,1.0
1727291749170,452.0,1.0
1727291749170,452.0,1.0
1727291749170,452.0,1.0
1727291749170,452.0,1.0
1727291749170,452.0,1.0
1727291749170,452.0,1.0
1727291749170,452.0,1.0
1727291749170,452.0,100.0
1727291749170,452.0,20.0
1727291749170,452.0,1.0
1727291749170,452.0,1.0
1727291749170,452.0,200.0
1727291749170,452.0,1.0
1727291749170,452.0,1.0
1727291749170,452.0,5.0
1727291749170,452.0,1.0
1727291749170,452.0,1.0
1727291749170,452.0,1.0
1727291749170,452.0,1.0
1727291749170,452.0,11.0
1727291749170,451.98,1.0
1727291749170,452.0,4.0
1727291749170,452.0,5.0
1727291749171,452.0,100.0
1727291749171,451.99,5.0
1727291749171,451.99,3.0
1727291749171,451.99,1.0
1727291749171,451.99,2.0
1727291749171,451.99,5.0
1727291749171,451.99,3.0
1727291749171,451.98,5.0
1727291749171,451.98,4.0
1727291749171,451.98,1.0
1727291749171,451.98,1.0
1727291749171,451.98,1.0
1727291749171,452.0,1.0
1727291749171,452.0,1.0
1727291749171,452.0,1.0
1727291749171,452.0,1.0
1727291749171,452.0,1.0
1727291749171,452.0,2.0
1727291749171,452.0,2.0
1727291749171,452.0,3.0
1727291749171,452.0,3.0
1727291749171,452.0,5.0
1727291749171,452.0,5.0
1727291749171,452.0,6.0
1727291749171,451.945,1.0
1727291749171,452.0,6.0
1727291749171,452.0,6.0
1727291749171,452.0,10.0
1727291749171,452.0,10.0
1727291749171,452.0,658.0
1727291749171,452.0,10.0
1727291749172,452.0,10.0
1727291749172,452.0,18.0
1727291749172,452.0,15.0
1727291749172,452.0,27.0
1727291749172,452.0,30.0
1727291749172,452.0,45.0
1727291749172,452.0,50.0
1727291749172,451.945,1.0
1727291749172,452.0,75.0
1727291749172,452.0,1.0
1727291749172,451.945,1.0
1727291749172,451.98,1.0
1727291749172,452.0,5.0
1727291749172,451.9992,130.0
1727291749172,451.945,1.0
1727291749172,452.0,300.0
1727291749173,451.97,6.0
1727291749173,451.95,9.0
1727291749173,451.97,3.0
1727291749173,451.97,1.0
1727291749173,451.95,1.0
1727291749173,451.97,2.0
1727291749173,452.0,15.0
1727291749173,452.0,1.0
1727291749173,451.96,1.0
1727291749174,451.95,1.0
1727291749174,451.95,1.0
1727291749174,451.95,1.0
1727291749174,451.95,5.0
1727291749175,452.01,1.0
1727291749178,451.88,200.0
1727291749178,451.93,1.0
1727291749179,451.93,3.0
1727291749180,451.91,5.0
1727291749180,451.91,1.0
1727291749180,451.91,1.0
1727291749180,451.91,3.0
1727291749180,451.91,5.0
1727291749181,451.91,1.0
1727291749182,451.9,33.0
1727291749182,451.9,2.0
1727291749182,451.9,1.0
1727291749182,451.9,1.0
1727291749183,451.89,1.0
1727291749183,451.89,5.0
1727291749184,451.92,15.0
1727291749184,451.92,10.0
1727291749184,451.92,12.0
1727291749184,451.89,15.0
1727291749184,451.89,20.0
1727291749184,451.88,10.0
1727291749184,452.0,9.0
1727291749184,451.92,28.0
1727291749184,451.92,9.0
1727291749184,452.0,11.0
1727291749184,452.0,1.0
1727291749184,452.0,9.0
1727291749185,452.0,1.0
1727291749185,452.0,9.0
1727291749185,451.98,1.0
1727291749185,452.0,9.0
1727291749186,452.0,39.0
1727291749186,451.98,4.0
1727291749186,451.984,1.0
1727291749187,451.95,16.0
1727291749187,452.0359,1.0
1727291749190,451.89,4.0
1727291749191,452.0,1.0
1727291749247,451.94,4.0
1727291749292,451.9938,8.0
1727291749706,451.8812,1.0
1727291749955,452.04,5.0
1727291751523,452.01,3.0
1727291752077,451.91,100.0
1727291752387,451.9892,14.0
1727291752836,451.97,2.0
1727291753848,451.89,1.0
1727291754206,451.96,18.0
1727291754206,451.96,57.0
1727291754206,451.96,18.0
1727291754207,451.98,11.0
1727291754594,451.9,1.0
1727291755227,452.2606,4.0
1727291757396,451.99,1.0
1727291757399,451.99,1.0
1727291758362,452.0899,1.0
1727291758702,452.088,9.0
1727291759648,451.9,100.0
1727291760939,451.99,1.0
1727291763059,451.905,5.0
1727291762846,451.99,1.0
1727291763101,451.9238,1.0
1727291763258,452.01,1.0
1727291763039,452.0193,44.0
1727291764920,452.0,15.0
1727291764920,452.0,1.0
1727291764920,452.0,5.0
1727291764927,452.0,1.0
1727291764927,452.0,1.0
1727291764928,452.0,1.0
1727291764929,452.0,1.0
1727291764930,452.0,1.0
1727291764933,451.94,1.0
1727291764934,451.94,1.0
1727291764937,451.9999,1.0
1727291764959,452.0,15.0
1727291764960,452.0,28.0
1727291764961,452.0,43.0
1727291765128,451.93,1.0
1727291765128,451.91,69.0
1727291765348,452.2564,100.0
1727291767187,451.98,10.0
1727291767348,451.95,25.0
1727291767366,451.95,25.0
1727291767848,452.05,1.0
1727291767848,452.04,1.0
1727291767849,452.07,5.0
1727291767566,451.99,1.0
1727291767566,451.99,37.0
1727291767566,451.95,100.0
1727291767568,451.95,75.0
1727291767568,451.95,50.0
1727291767569,451.95,75.0
1727291767659,451.98,75.0
1727291767660,451.99,50.0
1727291767660,452.0,3.0
1727291767660,452.0,43.0
1727291767726,451.93,10.0
1727291767776,452.0,20.0
1727291767777,452.0,20.0
1727291767777,451.95,100.0
1727291767777,452.0,25.0
1727291767777,452.0,54.0
1727291767777,452.0,100.0
1727291767777,452.0,37.0
1727291767777,452.0,100.0
1727291767777,452.0,24.0
1727291767777,452.0,80.0
1727291767777,452.0,11.0
1727291767777,452.0,89.0
1727291767817,452.02,100.0
1727291767817,452.01,19.0
1727291767818,452.01,3.0
1727291767818,452.01,5.0
1727291767818,452.01,22.0
1727291767822,452.03,100.0
1727291767822,452.03,21.0
1727291767822,452.03,28.0
1727291767882,452.05,12.0
1727291767882,452.05,26.0
1727291767882,452.05,64.0
1727291767882,452.05,11.0
1727291767948,451.965,50.0
1727291768035,451.965,50.0
1727291768066,452.0375,25.0
1727291768088,452.0,75.0
1727291769133,452.06,7.0
1727291770122,451.9738,5.0
1727291771445,452.08,36.0
1727291771445,452.07,100.0
1727291771445,452.09,100.0
1727291771445,452.09,26.0
1727291771445,452.09,100.0
1727291771445,452.08,9.0
1727291771445,452.09,1.0
1727291771445,452.09,3.0
1727291771445,452.09,11.0
1727291771445,452.09,100.0
1727291771445,452.08,1.0
1727291771445,452.09,99.0
1727291771445,452.09,1.0
1727291773545,452.1,1.0
1727291777307,452.085,1.0
1727291777307,452.085,1.0
1727291777308,452.085,50.0
1727291777773,452.1,1.0
1727291777773,452.08,36.0
1727291777845,452.0,53.0
1727291778446,452.09,8.0
1727291778446,452.09,9.0
1727291779345,451.99,6.0
1727291779504,452.03,5.0
1727291779527,452.03,5.0
1727291779872,452.1214,54.0
1727291781630,452.0363,353.0
1727291782240,452.085,1.0
1727291783425,452.0218,2.0
1727291783599,452.09,10.0
1727291783963,452.085,5.0
1727291784107,452.0,10.0
1727291784107,452.02,10.0
1727291784107,452.0,10.0
1727291784107,452.02,3.0
1727291784107,452.0,10.0
1727291784107,452.02,10.0
1727291784107,451.99,1.0
1727291784107,451.99,1.0
1727291784107,451.99,22.0
1727291784114,451.99,2.0
1727291784114,451.99,102.0
1727291784114,451.99,3.0
1727291784114,451.99,2.0
1727291784114,451.99,100.0
1727291784114,451.99,94.0
1727291784114,451.99,11.0
1727291784114,451.99,10.0
1727291784114,451.99,10.0
1727291784115,451.99,100.0
1727291786882,452.097,1.0
1727291787083,451.9,1.0
1727291787270,452.01,10.0
1727291787924,452.01,3.0
1727291787925,452.02,1.0
1727291787926,452.02,1.0
1727291788232,452.03,10.0
1727291790398,452.004,1.0
1727291795331,452.04,1.0
1727291795331,452.04,9.0
1727291856737,452.21,2.0
1727291856739,452.21,15.0
1727291856742,452.15,29.0
1727291858417,452.12,1.0
1727291858688,452.0,1.0
1727291859264,452.11,25.0
1727291859264,452.1,6.0
1727291859264,452.1,1.0
1727291859264,452.1,36.0
1727291859264,452.14,1.0
1727291859264,452.1,1.0
1727291859269,452.1,36.0
1727291859269,452.06,12.0
1727291859269,452.14,9.0
1727291859269,452.06,25.0
1727291859269,452.05,27.0
1727291859270,452.0,100.0
1727291859279,452.03,200.0
1727291859279,452.02,100.0
1727291859279,452.04,62.0
1727291859279,452.04,30.0
1727291859279,452.03,8.0
1727291859280,452.11,1.0
1727291859280,452.11,9.0
1727291859280,452.02,10.0
1727291859280,452.02,90.0
1727291859552,452.1,1.0
1727291860528,452.0222,44.0
1727291861172,452.09,100.0
1727291862008,452.0257,3.0
1727291863518,452.09,31.0
1727291865067,452.03,100.0
1727291865068,452.02,2.0
1727291866411,452.09,25.0
1727291866503,452.09,15.0
1727291866878,452.1,50.0
1727291867256,452.163,100.0
1727291867386,452.031,3.0
1727291868448,452.0096,1.0
1727291868961,452.0668,25.0
1727291869452,452.09,5.0
1727291870070,452.1172,3.0
1727291869864,452.0001,15.0
1727291872110,452.1662,50.0
1727291872718,452.09,10.0
1727291872719,452.09,10.0
1727291873482,452.18,1.0
1727291872953,452.0001,500.0
1727291873664,452.02,9.0
1727291873666,452.001,100.0
1727291873665,452.01,36.0
1727291873668,452.09,8.0
1727291873666,452.0,100.0
1727291873724,452.18,28.0
1727291874545,452.0835,40.0
1727291874137,452.0,100.0
1727291874137,452.0,3.0
1727291874137,452.0,1.0
1727291874137,452.0,200.0
1727291874137,452.0,1.0
1727291874137,452.0,36.0
1727291874137,452.0,44.0
1727291874137,452.0,1.0
1727291874137,452.0,50.0
1727291874137,452.0,15.0
1727291874137,452.0,20.0
1727291874137,452.03,10.0
1727291874137,452.0,150.0
1727291874137,452.0,10.0
1727291874138,452.0,38.0
1727291874138,452.0,56.0
1727291874138,452.0,1.0
1727291874138,452.0,1.0
1727291874138,451.99,5.0
1727291874139,452.0,1.0
1727291874139,452.0,78.0
1727291874140,452.0,22.0
1727291874142,452.0,12.0
1727291874142,452.09,50.0
1727291874143,452.0,50.0
1727291874148,452.0,1.0
1727291876933,452.05,1.0
1727291877758,451.9501,7.0
1727291877877,452.05,2.0
1727291877981,452.0,1.0
1727291878639,452.0,14.0
1727291878658,452.02,13.0
1727291878659,452.02,13.0
1727291878659,452.02,13.0
1727291878659,452.02,12.0
1727291878660,452.05,26.0
1727291878640,452.0,33.0
1727291878662,452.05,36.0
1727291878661,452.05,6.0
1727291878662,452.05,43.0
1727291878726,452.0365,3.0
1727291878728,452.0,7.0
1727291878729,452.05,6.0
1727291879510,452.0,2.0
1727291879824,452.0,10.0
1727291879882,451.96,30.0
1727291880170,452.05,99.0
1727291880170,452.05,1.0
1727291880170,452.05,80.0
1727291880170,452.05,10.0
1727291881836,452.06,46.0
1727291882794,452.06,1.0
1727291883846,451.99,2.0
1727291885689,451.99,1.0
1727291886808,452.1438,1.0
1727291888759,451.99,25.0
1727291888847,452.06,1.0
1727291888850,451.99,57.0
1727291890055,452.093,10.0
1727291890620,452.06,1.0
1727291890842,452.06,9.0
1727291891609,451.99,4.0
1727291892606,452.0995,40.0
1727291893176,452.06,1.0
1727291893329,452.06,55.0
1727291894965,452.057,4.0
1727291895932,452.06,1.0
1727291896507,451.9762,1.0
1727291896783,451.9762,1.0
1727291897193,451.9762,1.0
1727291897552,452.06,134.0
1727291897594,451.99,7.0
1727291900215,451.99,9.0
1727291903430,452.0668,2.0
1727291905643,452.1438,1.0
1727291905848,451.95,13.0
1727291907540,452.0,3.0
1727291907828,452.06,1.0
1727291908395,452.02,10.0
1727291908396,452.0,10.0
1727291908400,451.99,1.0
1727291908651,452.06,3.0
1727291909161,452.06,5.0
1727291910774,451.99,12.0
1727291916283,452.1699,10.0
1727291979314,451.89,1.0
1727291980863,451.925,3.0
1727291983315,451.94,1.0
1727291983619,451.9772,1.0
1727291984311,452.05,10.0
1727291985156,451.925,1.0
1727291987188,452.0488,1.0
1727291987223,452.1147,100.0
1727291987930,452.05,25.0
1727291990284,451.8101,20.0
1727291990367,451.81,16.0
1727291992192,451.89,2.0
1727291992582,451.83,100.0
1727291993369,451.93,5.0
1727291993420,451.95,15.0
1727291997923,451.89,2.0
1727291998026,451.93,28.0
1727291998098,451.93,1.0
1727291999365,451.93,4.0
1727291999407,451.93,46.0
1727292001842,451.93,3.0
1727292003300,451.93,1.0
1727292003976,451.93,3.0
1727292004007,451.89,16.0
1727292006089,451.89,1.0
1727292006089,451.89,6.0
1727292006089,451.89,3.0
1727292006089,451.89,1.0
1727292006089,451.89,1.0
1727292006093,451.89,4.0
1727292007548,451.954,34.0
1727292008211,451.93,1.0
1727292008495,451.93,14.0
1727292008747,451.89,2.0
1727292009614,451.9667,3.0
1727292010334,451.8929,18.0
1727292010676,452.0488,1.0
1727292012026,452.0499,41.0
1727292012621,451.89,1.0
1727292012633,451.88,1.0
1727292012633,451.88,1.0
1727292014968,451.9767,2.0
1727292015853,451.9123,1.0
1727292015856,452.05,1.0
1727292018306,451.95,25.0
1727292019389,451.95,2.0
1727292019391,452.0,1.0
1727292019391,451.935,100.0
1727292019392,451.935,7.0
1727292019392,451.935,100.0
1727292019931,451.925,14.0
1727292019934,451.925,15.0
1727292019604,451.9375,75.0
1727292020923,451.9,2.0
1727292020404,451.925,7.0
1727292020482,451.9418,1.0
1727292020991,451.8201,10.0
1727292020991,451.8201,10.0
1727292020517,451.925,1.0
1727292020522,451.925,1.0
1727292020525,451.925,3.0
1727292021698,451.9,2.0
1727292023268,451.9,168.0
1727292023096,451.882,5.0
1727292024083,451.9392,3.0
1727292025254,451.925,1.0
1727292025254,451.925,1.0
1727292025254,451.925,48.0
1727292025278,451.925,2.0
1727292025282,452.03,1.0
1727292025376,451.925,30.0
1727292026325,451.9862,1.0
1727292026682,451.925,5.0
1727292027182,452.0065,3.0
1727292027824,451.925,21.0
1727292028730,451.92,10.0
1727292028732,451.91,184.0
1727292028736,451.9,1.0
1727292028736,451.9,1.0
1727292028719,451.925,6.0
1727292028765,451.87,41.0
1727292028765,451.87,50.0
1727292028765,451.87,90.0
1727292028780,451.86,1.0
1727292028783,451.9175,1.0
1727292029353,451.925,1.0
1727292029590,451.85,1.0
1727292029590,451.85,3.0
1727292029590,451.85,2.0
1727292029590,451.85,1.0
1727292029592,451.85,1.0
1727292029607,451.84,4.0
1727292029628,451.83,11.0
1727292029628,451.83,1.0
1727292029643,451.8201,6.0
1727292029644,451.82,1.0
1727292029645,451.82,1.0
1727292029645,451.82,60.0
1727292029645,451.82,1.0
1727292029645,451.82,100.0
1727292029645,451.82,51.0
1727292029645,451.82,25.0
1727292029645,451.82,119.0
1727292029645,451.82,119.0
1727292029645,451.87,3.0
1727292029645,451.82,100.0
1727292029645,451.82,100.0
1727292029645,451.87,4.0
1727292029645,451.82,25.0
1727292029645,451.82,1.0
1727292029645,451.82,2.0
1727292029645,451.82,1.0
1727292029645,451.87,2.0
1727292029645,451.82,1.0
1727292029645,451.82,50.0
1727292029645,451.82,22.0
1727292029645,451.82,2.0
1727292029645,451.85,3.0
1727292030075,451.82,100.0
1727292030403,451.925,1.0
1727292030532,451.8375,15.0
1727292032121,451.8212,1.0
1727292032558,451.8277,100.0
1727292033277,451.82,11.0
1727292033278,451.82,224.0
1727292033967,451.9742,43.0
1727292094926,451.9688,1.0
1727292102183,451.8328,1.0
1727292102525,451.855,3.0
1727292102786,451.7605,1.0
1727292102788,451.855,8.0
1727292104579,451.9,1.0
1727292105277,451.84,1.0
1727292105277,451.85,37.0
1727292105277,451.88,37.0
1727292105277,451.855,1.0
1727292106125,451.7586,1.0
1727292106879,451.7559,25.0
1727292106897,451.855,1.0
1727292107453,451.9,3.0
1727292108132,451.7562,23.0
1727292109561,451.855,46.0
1727292112438,451.9,9.0
1727292113080,451.77,1.0
1727292113129,451.75,2.0
1727292113744,451.97,67.0
1727292115072,451.76,1.0
1727292115093,451.855,1.0
1727292115177,451.77,2.0
1727292116638,451.7583,35.0
1727292117461,451.8038,400.0
1727292117501,451.76,1.0
1727292117501,451.77,3.0
1727292117501,451.74,2.0
1727292117501,451.77,4.0
1727292118118,451.855,1.0
1727292119156,451.75,1.0
1727292120378,451.9699,1.0
1727292120114,451.7593,5.0
1727292124077,451.8,36.0
1727292124178,451.865,4.0
1727292126320,451.86,25.0
1727292126322,451.865,3.0
1727292127393,451.97,4.0
1727292127556,451.84,1.0
1727292128711,451.9699,7.0
1727292129647,451.865,5.0
1727292130330,451.8195,1.0
1727292130569,451.865,1.0
1727292131415,451.865,5.0
1727292133481,451.865,1.0
1727292133481,451.88,31.0
1727292133481,451.88,6.0
1727292133482,451.855,1.0
1727292133482,451.9,37.0
1727292133482,451.855,1.0
1727292133482,451.855,1.0
1727292133482,451.855,120.0
1727292133483,451.855,100.0
1727292133483,451.855,20.0
1727292133571,451.805,28.0
1727292134233,451.9688,1.0
1727292134894,451.855,1.0
1727292134894,451.9,37.0
1727292134894,451.855,1.0
1727292134895,451.855,1.0
1727292134895,451.855,1.0
1727292134895,451.855,1.0
1727292134895,451.855,9.0
1727292134752,451.9125,7.0
1727292135298,451.97,26.0
1727292135398,451.78,20.0
1727292135692,451.856,6.0
1727292136030,451.875,26.0
1727292135851,451.7951,24.0
1727292136958,451.9321,1.0
1727292136983,451.856,5.0
1727292138133,451.797,1.0
1727292138276,451.875,181.0
1727292138327,451.79,7.0
1727292139809,451.855,17.0
1727292139729,451.855,4.0
1727292140216,451.9,1.0
1727292140487,451.855,3.0
1727292140722,451.9,1.0
1727292140722,451.9,1.0
1727292140722,451.9,1.0
1727292140722,451.9,3.0
1727292140722,451.9,6.0
1727292140722,451.9,28.0
1727292140722,451.9,5.0
1727292140724,451.855,75.0
1727292140810,451.9,1.0
1727292140811,451.855,1.0
1727292141923,451.855,4.0
1727292141969,451.855,50.0
1727292142051,451.7975,3.0
1727292142867,451.855,4.0
1727292143619,451.9,1.0
1727292143619,451.855,1.0
1727292143831,451.9,1.0
1727292145951,451.86,6.0
1727292146107,451.865,25.0
1727292146107,451.865,25.0
1727292146355,451.96,95.0
1727292146355,451.97,105.0
1727292146355,451.96,24.0
1727292146355,451.96,26.0
1727292146355,451.97,52.0
1727292146355,451.97,114.0
1727292146355,451.97,1.0
1727292146355,451.97,74.0
1727292146355,451.96,1.0
1727292146355,451.96,26.0
1727292146355,451.865,100.0
1727292146355,451.97,3.0
1727292146355,451.97,12.0
1727292146355,451.97,3.0
1727292146355,451.96,10.0
1727292146355,451.96,6.0
1727292146355,451.97,5.0
1727292146355,451.97,5.0
1727292146355,451.97,90.0
1727292146355,451.865,25.0
1727292146355,451.865,6.0
1727292146355,451.865,100.0
1727292146355,451.865,1.0
1727292146355,451.865,1.0
1727292146355,451.865,1.0
1727292146355,451.865,50.0
1727292146355,451.865,1.0
1727292146355,451.865,100.0
1727292146355,451.96,4.0
1727292146355,451.865,7.0
1727292146355,451.96,41.0
1727292146355,451.97,25.0
1727292146355,451.96,9.0
1727292146355,451.97,28.0
1727292146355,451.97,80.0
1727292146355,451.97,100.0
1727292146355,451.97,10.0
1727292146356,451.97,6.0
1727292146356,451.865,50.0
1727292146358,451.865,50.0
1727292146358,451.865,50.0
1727292146358,451.865,50.0
1727292146358,451.865,12.0
1727292146358,451.865,38.0
1727292146359,451.865,46.0
1727292146360,451.97,1.0
1727292146375,451.95,4.0
1727292146515,451.875,8.0
1727292146836,451.76,1.0
1727292146923,451.875,1.0
1727292151666,451.9,100.0
1727292151670,451.81,100.0
1727292151670,451.81,200.0
1727292151681,451.82,100.0
1727292151682,451.835,25.0
1727292151682,451.815,50.0
1727292151682,451.81,100.0
1727292151682,451.81,25.0
1727292153542,451.8266,5.0
1727292154517,451.9,4.0
1727292156083,451.83,4.0
1727292221127,451.905,4.0
1727292221130,451.905,4.0
1727292221860,451.905,1.0
1727292221860,451.905,7.0
1727292221861,451.905,12.0
1727292221862,451.8119,50.0
1727292222238,451.9999,1.0
1727292222241,452.0,1.0
1727292224501,451.81,1.0
1727292224509,451.88,1.0
1727292224512,451.81,1.0
1727292227283,451.99,2.0
1727292226682,451.99,9.0
1727292226682,451.97,14.0
1727292226682,451.98,22.0
1727292226682,451.97,10.0
1727292226682,451.98,5.0
1727292226684,451.94,11.0
1727292227145,451.99,1.0
1727292227147,451.99,5.0
1727292227150,451.9821,2.0
1727292228132,451.92,1.0
1727292228579,451.9857,3.0
1727292228664,451.9857,1.0
1727292228872,451.99,30.0
1727292228872,451.99,49.0
1727292228872,451.99,28.0
1727292228872,452.0,73.0
1727292228872,451.99,40.0
1727292228872,451.99,60.0
1727292228872,452.0,22.0
1727292228872,451.98,30.0
1727292228874,451.94,100.0
1727292229156,452.0,1.0
1727292231276,451.88,100.0
1727292231279,451.895,75.0
1727292231279,451.895,50.0
1727292231279,451.93,1.0
1727292231279,451.895,50.0
1727292231279,451.89,75.0
1727292231279,451.89,50.0
1727292231279,451.89,50.0
1727292231286,451.9,1.0
1727292231286,451.89,199.0
1727292231286,451.88,3.0
1727292231286,451.88,100.0
1727292231286,451.9,1.0
1727292231286,451.88,54.0
1727292231286,451.89,3.0
1727292231286,451.88,77.0
1727292231286,451.9,1.0
1727292231286,451.89,101.0
1727292231286,451.88,6.0
1727292231286,451.88,3.0
1727292231286,451.88,3.0
1727292231286,451.88,100.0
1727292231286,451.88,100.0
1727292231286,451.88,43.0
1727292231286,451.88,14.0
1727292231286,451.88,3.0
1727292231286,451.88,1.0
1727292231286,451.88,49.0
1727292231286,451.88,34.0
1727292231286,451.88,19.0
1727292231286,451.87,5.0
1727292231287,451.88,100.0
1727292231287,451.88,6.0
1727292231287,451.88,2.0
1727292231287,451.87,3.0
1727292231287,451.87,3.0
1727292231287,451.88,1.0
1727292231287,451.88,1.0
1727292232060,451.85,15.0
1727292232381,451.895,5.0
1727292233753,451.8956,1.0
1727292234852,451.832,1.0
1727292235742,451.93,10.0
1727292235743,451.93,24.0
1727292235745,451.91,10.0
1727292236389,451.895,21.0
1727292237954,451.91,2.0
1727292238835,451.99,3.0
1727292236538,451.98,2.0
1727292236539,451.98,3.0
1727292236540,451.98,4.0
1727292236541,451.99,3.0
1727292236542,451.98,2.0
1727292236542,451.99,2.0
1727292236542,451.95,4.0
1727292236542,451.95,4.0
1727292236542,451.95,3.0
1727292236543,451.98,5.0
1727292239240,451.99,49.0
1727292239240,452.0,52.0
1727292239240,452.0,49.0
1727292239240,452.0,33.0
1727292239240,452.0,18.0
1727292239240,451.99,20.0
1727292239240,451.99,81.0
1727292239240,452.0,10.0
1727292239240,452.0,71.0
1727292239249,451.9,200.0
1727292238378,451.91,7.0
1727292237182,451.98,3.0
1727292237182,451.98,3.0
1727292237197,451.98,3.0
1727292237210,451.98,4.0
1727292237211,451.98,2.0
1727292237212,451.98,4.0
1727292237216,451.96,10.0
1727292237226,451.98,3.0
1727292237226,451.98,2.0
1727292237245,451.98,2.0
1727292237246,451.98,3.0
1727292237247,451.99,2.0
1727292237247,451.99,2.0
1727292237247,451.99,2.0
1727292239994,451.955,6.0
1727292237267,451.99,2.0
1727292240072,452.0,5.0
1727292240086,452.01,1.0
1727292240154,451.955,5.0
1727292240883,451.9,12.0
1727292241736,452.0,49.0
1727292241736,452.0,7.0
1727292241736,452.0,45.0
1727292241736,452.01,55.0
1727292241736,452.01,45.0
1727292241736,452.01,10.0
1727292241736,452.0,2.0
1727292241736,452.0,1.0
1727292241736,452.0,5.0
1727292241736,452.0,8.0
1727292241736,452.0,4.0
1727292242099,451.965,35.0
1727292242574,452.013,35.0
1727292241522,451.9127,20.0
1727292244489,451.91,50.0
1727292244489,451.91,14.0
1727292244489,451.91,12.0
1727292246990,451.9905,1890.0
1727292248891,452.01,7.0
1727292248891,452.01,3.0
1727292248891,452.02,5.0
1727292248893,452.03,28.0
1727292248893,452.01,1.0
1727292248893,452.03,45.0
1727292248893,452.03,2.0
1727292248893,452.03,1.0
1727292248893,452.03,108.0
1727292248893,452.03,147.0
1727292248893,452.03,167.0
1727292248893,452.04,10.0
1727292248893,452.04,6.0
1727292248893,452.04,94.0
1727292248933,452.0525,33.0
1727292250601,451.985,1.0
1727292250899,451.91,20.0
1727292251402,451.9531,1.0
1727292251942,451.985,1.0
1727292252913,452.05,6.0
1727292252913,452.06,112.0
1727292252913,452.05,10.0
1727292252914,452.07,1.0
1727292252914,452.07,1.0
1727292253032,452.03,1.0
1727292253187,452.0421,1.0
1727292254201,452.2188,1.0
1727292254580,451.99,1.0
1727292255371,452.065,2.0
1727292255932,452.065,1.0
1727292255935,452.065,1.0
1727292255935,452.065,1.0
1727292255935,452.065,1.0
1727292256792,451.93,3.0
1727292260614,452.03,10.0
1727292260810,452.1434,70.0
1727292262218,451.93,15.0
1727292263272,452.0,1.0
1727292263272,452.0,1.0
1727292263272,452.0,99.0
1727292263273,451.96,1.0
1727292263655,452.07,1.0
1727292263655,452.1,11.0
1727292263655,452.07,10.0
1727292264121,452.2199,1.0
1727292265514,451.9717,30.0
1727292266943,452.0314,9.0
1727292268101,452.05,1.0
1727292269324,452.065,6.0
1727292269401,452.22,1.0
1727292269450,452.0686,3.0
1727292269644,452.06,10.0
1727292270939,452.046,2.0
1727292272861,452.065,3.0
1727292273438,452.046,1.0
1727292274129,452.065,1.0
1727292275775,452.0562,21.0
1727292277887,452.0,2.0
1727292343073,451.99,1.0
1727292344176,451.8209,14.0
1727292344179,451.81,27.0
1727292345287,451.82,80.0
1727292346264,451.8773,16.0
1727292346582,451.895,1.0
1727292347324,451.895,5.0
1727292351298,451.9764,8.0
1727292351323,451.84,7.0
1727292352789,451.895,1.0
1727292353375,451.83,1.0
1727292353409,451.84,3.0
1727292353420,451.83,3.0
1727292353420,451.81,23.0
1727292353420,451.83,3.0
1727292353977,451.81,1.0
1727292355715,451.96,1.0
1727292356121,451.895,1.0
1727292356398,451.9548,6.0
1727292359656,451.82,13.0
1727292359679,451.81,100.0
1727292360053,451.895,10.0
1727292361013,451.895,6.0
1727292365729,451.895,3.0
1727292366036,451.83,3.0
1727292366036,451.81,2.0
1727292366036,451.81,2.0
1727292366036,451.81,1.0
1727292366036,451.81,1.0
1727292366036,451.81,5.0
1727292366036,451.81,11.0
1727292366036,451.81,11.0
1727292366036,451.81,11.0
1727292366320,451.8,1.0
1727292366320,451.8,2.0
1727292366320,451.8,50.0
1727292366320,451.8,66.0
1727292366320,451.8,50.0
1727292366320,451.8,1.0
1727292366320,451.82,10.0
1727292366320,451.8,4.0
1727292366320,451.8,14.0
1727292366320,451.81,10.0
1727292366320,451.81,10.0
1727292366320,451.8,84.0
1727292366320,451.8,80.0
1727292366320,451.8,20.0
1727292366321,451.8,1.0
1727292366395,451.78,10.0
1727292366894,451.8,1.0
1727292366897,451.76,36.0
1727292366616,451.8,1.0
1727292367073,451.8,20.0
1727292367207,451.78,1.0
1727292367510,451.77,1.0
1727292367511,451.77,17.0
1727292367511,451.77,1.0
1727292367511,451.77,1.0
1727292367511,451.77,1.0
1727292367511,451.77,1.0
1727292368141,451.905,27.0
1727292368610,451.83,12.0
1727292370221,451.85,1.0
1727292370240,451.86,1.0
1727292371312,451.7604,18.0
1727292371351,451.855,1.0
1727292372609,451.7997,44.0
1727292374934,451.855,12.0
1727292376530,451.855,25.0
1727292377190,451.855,1.0
1727292377398,451.81,2.0
1727292377400,451.81,4.0
1727292377398,451.8,1.0
1727292377403,451.74,200.0
1727292377403,451.9,1.0
1727292377425,451.77,6.0
1727292377425,451.78,1.0
1727292377456,451.83,73.0
1727292377457,451.84,50.0
1727292377457,451.85,5.0
1727292377457,451.85,36.0
1727292378795,451.8988,1.0
1727292378668,451.82,5.0
1727292380836,451.805,74.0
1727292380858,451.84,50.0
1727292380858,451.85,25.0
1727292380858,451.85,50.0
1727292380858,451.85,3.0
1727292380858,451.85,55.0
1727292381303,451.78,4.0
1727292381590,451.805,1.0
1727292381794,451.8888,2.0
1727292382743,451.8375,1.0
1727292383278,451.8858,1.0
1727292384616,451.85,50.0
1727292384616,451.86,4.0
1727292384617,451.86,37.0
1727292384620,451.78,4.0
1727292384620,451.78,6.0
1727292384642,451.86,38.0
1727292384642,451.86,75.0
1727292384642,451.86,75.0
1727292384642,451.87,40.0
1727292384643,451.87,18.0
1727292384643,451.87,1.0
1727292384643,451.87,8.0
1727292384643,451.86,85.0
1727292384643,451.86,40.0
1727292384643,451.87,29.0
1727292384643,451.87,21.0
1727292384644,451.88,4.0
1727292384644,451.87,64.0
1727292384655,451.815,14.0
1727292384839,451.8,50.0
1727292384839,451.795,50.0
1727292384839,451.79,50.0
1727292384839,451.78,75.0
1727292384839,451.785,50.0
1727292384839,451.78,25.0
1727292385707,451.87,3.0
1727292385707,451.87,37.0
1727292385707,451.89,102.0
1727292385707,451.88,1.0
1727292385959,451.9118,63.0
1727292386237,451.86,1.0
1727292387113,451.9,2.0
1727292387854,451.86,63.0
1727292388003,451.86,1.0
1727292388387,451.91,2.0
1727292388389,451.86,6.0
1727292388476,451.86,1.0
1727292390114,451.85,2.0
1727292390118,451.86,1.0
1727292390135,451.76,1.0
1727292391035,451.9,5.0
1727292391052,451.91,5.0
1727292391072,451.79,40.0
1727292391073,451.8,1.0
1727292394697,451.865,66.0
1727292394704,451.77,1.0
1727292393911,451.9125,5.0
1727292395797,451.865,16.0
1727292396783,451.8374,28.0
1727292397401,451.846,1.0
1727292397583,451.865,100.0
1727292398750,451.89,1.0
1727292398946,451.865,5.0
1727292398946,451.88,5.0
1727292464854,451.716,1.0
1727292465795,451.77,1.0
1727292465796,451.77,2.0
1727292465973,451.86,66.0
1727292465973,451.86,37.0
1727292465973,451.86,109.0
1727292465973,451.86,100.0
1727292465973,451.87,40.0
1727292465973,451.86,100.0
1727292465973,451.85,1.0
1727292465973,451.86,99.0
1727292465973,451.86,1.0
1727292465973,451.86,100.0
1727292465973,451.77,100.0
1727292465975,451.79,40.0
1727292466214,451.86,14.0
1727292467242,451.79,9.0
1727292467871,451.79,2.0
1727292469092,451.79,10.0
1727292470498,451.87,1.0
1727292470837,451.8999,5.0
1727292471299,451.7999,2.0
1727292472802,451.79,76.0
1727292472804,451.79,6.0
1727292475383,451.785,1.0
1727292476582,451.785,1.0
1727292477085,451.82,10.0
1727292477085,451.73,50.0
1727292477085,451.73,50.0
1727292477085,451.725,75.0
1727292477085,451.8,30.0
1727292477085,451.8,1.0
1727292477085,451.8,10.0
1727292477085,451.71,100.0
1727292477085,451.81,10.0
1727292477085,451.7,100.0
1727292477085,451.8,10.0
1727292477086,451.74,50.0
1727292477086,451.74,103.0
1727292477997,451.75,1.0
1727292478386,451.8688,1.0
1727292479027,451.81,10.0
1727292479671,451.7943,1.0
1727292479762,451.75,1.0
1727292479762,451.75,1.0
1727292479762,451.75,1.0
1727292479765,451.75,2.0
1727292480542,451.74,1.0
1727292481867,451.78,8.0
1727292481953,451.79,2.0
1727292483075,451.74,22.0
1727292483789,451.78,25.0
1727292484341,451.8661,3.0
1727292484928,451.74,10.0
1727292484941,451.74,1.0
1727292485129,451.8096,1.0
1727292485148,451.73,9.0
1727292485260,451.715,1.0
1727292485299,451.71,4.0
1727292486507,451.7636,1.0
1727292486615,451.715,1.0
1727292487470,451.73,10.0
1727292488915,451.715,100.0
1727292488983,451.7917,1.0
1727292489868,451.73,2.0
1727292490363,451.715,1.0
1727292490635,451.79,86.0
1727292490635,451.8,37.0
1727292490635,451.77,100.0
1727292490635,451.8,7.0
1727292490635,451.81,1.0
1727292490635,451.81,9.0
1727292490680,451.81,2.0
1727292492608,451.715,1.0
1727292493787,451.74,3.0
1727292493789,451.715,6.0
1727292496456,451.74,2.0
1727292497263,451.8071,70.0
1727292498449,451.7302,1.0
1727292498270,451.74,35.0
1727292499739,451.74,2.0
1727292499740,451.76,2.0
1727292499744,451.73,38.0
1727292500074,451.715,44.0
1727292500075,451.715,6.0
1727292500075,451.715,26.0
1727292501804,451.7871,2.0
1727292501809,451.762,1.0
1727292501810,451.7699,1.0
1727292501693,451.78,46.0
1727292501694,451.8,47.0
1727292502492,451.7923,1.0
1727292503192,451.81,5.0
1727292503192,451.81,1.0
1727292503192,451.81,37.0
1727292503192,451.81,7.0
1727292503192,451.8,1.0
1727292503192,451.81,99.0
1727292503192,451.81,1.0
1727292503193,451.81,80.0
1727292503193,451.82,1.0
1727292503193,451.82,1.0
1727292503204,451.82,3.0
1727292503401,451.83,1.0
1727292503402,451.84,1.0
1727292503402,451.85,71.0
1727292503402,451.85,1.0
1727292503402,451.85,10.0
1727292503403,451.85,9.0
1727292503594,451.85,84.0
1727292504257,451.83,20.0
1727292504258,451.86,110.0
1727292504258,451.82,100.0
1727292504258,451.83,10.0
1727292504258,451.85,60.0
1727292504259,451.86,9.0
1727292504259,451.87,4.0
1727292504259,451.87,9.0
1727292504259,451.87,68.0
1727292504259,451.82,100.0
1727292504492,451.62,10.0
1727292504666,451.79,4.0
1727292507881,451.8088,2.0
1727292509336,451.765,8.0
1727292509413,451.85,10.0
1727292510607,451.765,125.0
1727292510607,451.78,125.0
1727292511039,451.765,100.0
1727292511372,451.8055,1.0
1727292511759,451.7167,75.0
1727292512992,451.7866,1.0
1727292513058,451.85,100.0
1727292514431,451.765,15.0
1727292514294,451.765,1.0
1727292515892,451.84,1.0
1727292515893,451.765,6.0
1727292516274,451.765,2.0
1727292516275,451.765,4.0
1727292516549,451.77,6.0
1727292517151,451.8105,5.0
1727292517192,451.6312,1.0
1727292517671,451.75,5.0
1727292517710,451.765,1.0
1727292519459,451.765,11.0
1727292522218,451.77,2.0
1727292586218,451.95,100.0
1727292586218,451.96,90.0
1727292586342,451.97,10.0
1727292586842,451.88,1.0
1727292586845,451.86,1.0
1727292586964,451.97,2.0
1727292587671,451.93,1.0
1727292587672,451.93,1.0
1727292587536,451.97,20.0
1727292587536,451.97,100.0
1727292587536,451.97,5.0
1727292587536,451.99,6.0
1727292587536,451.98,100.0
1727292587536,451.97,13.0
1727292587536,452.0,1.0
1727292587536,452.01,100.0
1727292587536,451.97,13.0
1727292587536,452.02,1.0
1727292587536,451.97,74.0
1727292587536,451.99,5.0
1727292587536,451.99,8.0
1727292587536,451.99,14.0
1727292587536,451.99,17.0
1727292587537,451.99,12.0
1727292587537,451.99,2.0
1727292587537,451.99,11.0
1727292587537,452.0,3.0
1727292587537,451.99,27.0
1727292587537,451.98,20.0
1727292587538,452.01,2.0
1727292587539,452.03,10.0
1727292587540,452.04,1.0
1727292587581,452.04,3.0
1727292587942,452.09,1.0
1727292588247,452.03,73.0
1727292588248,452.03,1.0
1727292589300,452.05,20.0
1727292589301,452.06,68.0
1727292589365,452.04,6.0
1727292591254,451.97,1.0
1727292590811,451.97,4.0
1727292590811,451.97,4.0
1727292591353,451.8501,1.0
1727292591820,451.97,100.0
1727292591820,451.97,100.0
1727292592734,452.04,1.0
1727292594098,451.9072,19.0
1727292599417,451.96,13.0
1727292598639,451.985,4.0
1727292598639,451.985,4.0
1727292598639,451.985,4.0
1727292598639,451.985,4.0
1727292598639,451.985,4.0
1727292598639,451.985,4.0
1727292598639,451.985,4.0
1727292598639,451.985,4.0
1727292598639,451.985,4.0
1727292598639,451.985,4.0
1727292598639,451.985,4.0
1727292598639,451.985,7.0
1727292598898,451.99,10.0
1727292598898,451.97,34.0
1727292599160,451.99,10.0
1727292599179,452.02,5.0
1727292599298,451.95,200.0
1727292599299,451.99,10.0
1727292599299,451.95,100.0
1727292599300,451.97,30.0
1727292599300,451.96,51.0
1727292599300,451.96,19.0
1727292599300,451.95,100.0
1727292599691,451.96,10.0
1727292599970,451.95,64.0
1727292599970,452.0,2.0
1727292599970,451.95,8.0
1727292599971,451.95,10.0
1727292600232,451.95,2.0
1727292600233,451.93,100.0
1727292600482,451.93,100.0
1727292600482,451.93,100.0
1727292600482,451.93,100.0
1727292600482,451.93,2.0
1727292600482,451.93,100.0
1727292600482,451.93,3.0
1727292600482,451.93,1.0
1727292600482,451.93,1.0
1727292600482,451.93,2.0
1727292600482,451.93,2.0
1727292600483,451.93,2.0
1727292600483,451.93,4.0
1727292600483,451.93,4.0
1727292600483,451.93,1.0
1727292600550,451.985,1.0
1727292602036,451.9316,1.0
1727292601930,451.9,1.0
1727292601673,451.93,2.0
1727292601673,451.93,100.0
1727292601673,451.93,7.0
1727292601674,451.93,1.0
1727292601674,451.93,7.0
1727292601674,451.94,20.0
1727292601674,451.93,93.0
1727292601675,451.93,37.0
1727292601677,451.93,100.0
1727292601677,451.93,75.0
1727292601678,451.93,100.0
1727292601682,451.93,100.0
1727292601683,451.93,11.0
1727292601684,451.91,100.0
1727292601686,451.91,100.0
1727292601901,451.9,52.0
1727292601901,451.91,6.0
1727292605435,451.925,2.0
1727292604751,451.8982,3.0
1727292606173,452.0,1.0
1727292603148,451.92,1.0
1727292607239,452.0165,2.0
1727292609553,451.97,53.0
1727292609563,451.97,1.0
1727292611745,451.8801,6.0
1727292610174,452.0205,4.0
1727292611859,451.97,1.0
1727292603742,451.92,30.0
1727292610355,451.9998,1.0
1727292614475,452.0213,145.0
1727292604434,451.89,50.0
1727292616145,451.975,20.0
1727292615694,451.97,3.0
1727292616676,451.89,1.0
1727292618776,451.93,40.0
1727292618776,451.93,10.0
1727292618776,451.93,50.0
1727292618777,451.92,5.0
1727292618779,451.93,10.0
1727292618779,451.93,60.0
1727292618779,451.93,13.0
1727292618798,451.93,16.0
1727292616891,451.89,100.0
1727292616893,451.9,11.0
1727292616893,451.91,25.0
1727292616893,451.89,16.0
1727292616931,451.9001,10.0
1727292616990,451.88,1.0
1727292619743,451.8876,1.0
1727292621120,452.0,1.0
1727292621120,452.0,1.0
1727292621120,452.0,1.0
1727292621124,452.0,74.0
1727292621129,452.02,1.0
1727292621130,452.01,1.0
1727292621133,452.0,1.0
1727292622122,452.01,10.0
1727292622122,452.01,20.0
1727292622122,452.02,20.0
1727292623999,452.0,1.0
1727292624006,452.0,1.0
