timestamp(ms since Epoch),last price,volume
1727288867109,161.7511,1.0
1727288867286,161.7589,1.0
1727288867939,161.76,5.0
1727288867940,161.76,4.0
1727288869009,161.7833,32.0
1727288869112,161.765,100.0
1727288869427,161.765,5.0
1727288869752,161.8147,15.0
1727288869913,161.7688,50.0
1727288869914,161.7453,50.0
1727288870140,161.765,29.0
1727288870155,161.7699,500.0
1727288870451,161.77,7.0
1727288870455,161.769,35.0
1727288870611,161.7688,1.0
1727288870739,161.77,1.0
1727288871376,161.7705,1.0
1727288871594,161.7924,1.0
1727288871932,161.7615,100.0
1727288872676,161.765,6.0
1727288873222,161.775,10.0
1727288873226,161.77,17.0
1727288872933,161.77,1.0
1727288872933,161.77,100.0
1727288872933,161.77,23.0
1727288872934,161.77,12.0
1727288872935,161.77,63.0
1727288872935,161.77,100.0
1727288872947,161.769,70.0
1727288872955,161.77,100.0
1727288873101,161.77,20.0
1727288873101,161.77,25.0
1727288873101,161.77,99.0
1727288873101,161.77,33.0
1727288873101,161.77,100.0
1727288873102,161.77,10.0
1727288873102,161.78,2.0
1727288873103,161.78,1.0
1727288873103,161.78,18.0
1727288873104,161.78,7.0
1727288873104,161.78,10.0
1727288873104,161.78,1.0
1727288873107,161.78,17.0
1727288873115,161.7799,36.0
1727288873119,161.77,10.0
1727288873119,161.77,20.0
1727288873119,161.77,10.0
1727288873119,161.77,60.0
1727288873119,161.77,100.0
1727288873119,161.77,50.0
1727288873119,161.77,50.0
1727288873119,161.77,10.0
1727288873119,161.77,10.0
1727288873119,161.77,80.0
1727288873120,161.77,40.0
1727288873120,161.77,20.0
1727288873120,161.77,5.0
1727288873128,161.77,100.0
1727288874458,161.77,1.0
1727288875187,161.77,10.0
1727288875187,161.77,10.0
1727288875187,161.77,10.0
1727288875187,161.77,10.0
1727288875187,161.76,47.0
1727288875187,161.76,59.0
1727288875188,161.76,100.0
1727288875194,161.77,24.0
1727288875256,161.78,100.0
1727288875794,161.77,20.0
1727288875889,161.7705,1.0
1727288876626,161.78,10.0
1727288877748,161.7738,3700.0
1727288877748,161.7721,74.0
1727288878565,161.775,10.0
1727288879047,161.775,100.0
1727288879298,161.775,1.0
1727288879301,161.77,88.0
1727288879301,161.77,59.0
1727288880062,161.775,36.0
1727288880065,161.775,2.0
1727288880108,161.775,1.0
1727288880723,161.775,1.0
1727288880233,161.7711,2.0
1727288880857,161.7738,78.0
1727288880347,161.78,23.0
1727288881037,161.8132,2.0
1727288881187,161.77,100.0
1727288881187,161.77,22.0
1727288881187,161.77,9.0
1727288881187,161.77,10.0
1727288881187,161.77,1.0
1727288881187,161.77,38.0
1727288881187,161.77,4.0
1727288881757,161.77,5.0
1727288881919,161.7759,10.0
1727288882179,161.775,10.0
1727288882754,161.77,1.0
1727288882755,161.77,2.0
1727288882755,161.77,98.0
1727288882755,161.77,2.0
1727288882755,161.77,7.0
1727288882755,161.77,91.0
1727288882755,161.77,32.0
1727288882756,161.77,100.0
1727288882757,161.77,1.0
1727288882785,161.77,100.0
1727288883111,161.77,100.0
1727288883219,161.77,15.0
1727288883550,161.7644,1.0
1727288883587,161.77,30.0
1727288884804,161.775,10.0
1727288885101,161.77,500.0
1727288885101,161.77,2.0
1727288885102,161.77,100.0
1727288885184,161.7699,1.0
1727288885812,161.765,15.0
1727288886061,161.77,1.0
1727288887130,161.76,3.0
1727288887139,161.7611,10.0
1727288887365,161.77,50.0
1727288887365,161.77,1.0
1727288887365,161.77,3.0
1727288887376,161.77,30.0
1727288887389,161.7688,70.0
1727288887400,161.77,8.0
1727288887410,161.77,10.0
1727288887446,161.7688,1.0
1727288887509,161.77,62.0
1727288888537,161.7644,345.0
1727288890698,161.765,1.0
1727288891003,161.765,100.0
1727288893006,161.765,70.0
1727288893159,161.76,1.0
1727288894405,161.765,1.0
1727288894806,161.77,30.0
1727288894806,161.78,100.0
1727288894806,161.77,100.0
1727288894805,161.77,100.0
1727288894805,161.77,54.0
1727288894805,161.77,146.0
1727288894806,161.77,454.0
1727288894806,161.77,30.0
1727288894806,161.77,1.0
1727288894806,161.77,46.0
1727288894807,161.78,100.0
1727288894807,161.78,1.0
1727288894807,161.78,20.0
1727288894807,161.78,50.0
1727288894807,161.78,120.0
1727288894807,161.78,50.0
1727288894807,161.78,80.0
1727288894808,161.78,79.0
1727288894808,161.78,25.0
1727288894809,161.78,25.0
1727288894809,161.78,25.0
1727288894809,161.78,25.0
1727288894810,161.78,50.0
1727288894810,161.78,1.0
1727288894810,161.78,28.0
1727288894811,161.78,4.0
1727288894813,161.775,150.0
1727288894813,161.78,4.0
1727288894814,161.78,4.0
1727288894818,161.7711,50.0
1727288895092,161.7787,35.0
1727288895185,161.78,25.0
1727288895185,161.78,20.0
1727288895185,161.78,20.0
1727288895186,161.78,2.0
1727288895186,161.78,3.0
1727288895186,161.78,1.0
1727288895187,161.78,27.0
1727288895192,161.78,24.0
1727288895469,161.78,105.0
1727288895471,161.775,1.0
1727288895472,161.78,1.0
1727288896244,161.78,9.0
1727288896585,161.7772,10.0
1727288896828,161.77,1.0
1727288897573,161.775,20.0
1727288898716,161.78,59.0
1727288898716,161.78,65.0
1727288898716,161.78,100.0
1727288898716,161.78,100.0
1727288898716,161.78,50.0
1727288898717,161.78,89.0
1727288898717,161.78,2.0
1727288898717,161.78,50.0
1727288899103,161.78,1.0
1727288899395,161.79,1.0
1727288900793,161.7868,47.0
1727288901028,161.7817,15.0
1727288901139,161.7765,20.0
1727288901168,161.78,20.0
1727288901168,161.78,10.0
1727288901168,161.78,2.0
1727288900957,161.7857,11.0
1727288901174,161.78,24.0
1727288901244,161.78,100.0
1727288901701,161.778,1.0
1727288901861,161.77,5.0
1727288901861,161.78,1.0
1727288902221,161.77,1.0
1727288902221,161.77,1.0
1727288902221,161.77,4.0
1727288902221,161.77,136.0
1727288902221,161.77,1.0
1727288902222,161.77,100.0
1727288902222,161.77,56.0
1727288902733,161.7642,5.0
1727288902925,161.7699,1.0
1727288903265,161.7699,2.0
1727288904284,161.7788,1.0
1727288904928,161.78,1.0
1727288905375,161.7746,9.0
1727288905888,161.78,1.0
1727288905917,161.77,10.0
1727288906114,161.775,1.0
1727288909245,161.7656,4.0
1727288909246,161.7656,2.0
1727288909246,161.7656,1.0
1727288909359,161.775,70.0
1727288909899,161.78,6.0
1727288910027,161.775,36.0
1727288911449,161.775,100.0
1727288912063,161.775,100.0
1727288912441,161.7788,1.0
1727288912489,161.7747,4.0
1727288912525,161.775,3.0
1727288912525,161.775,4.0
1727288913833,161.7789,2.0
1727288913774,161.78,12.0
1727288914165,161.77,10.0
1727288914165,161.77,2.0
1727288914165,161.77,100.0
1727288914165,161.77,10.0
1727288914165,161.77,30.0
1727288914165,161.77,50.0
1727288914165,161.77,100.0
1727288914166,161.77,10.0
1727288914166,161.77,24.0
1727288914166,161.77,1.0
1727288914166,161.77,1.0
1727288914385,161.768,1.0
1727288914644,161.7731,50.0
1727288915285,161.77,10.0
1727288915587,161.77,2.0
1727288916284,161.77,22.0
1727288916610,161.765,20.0
1727288917155,161.77,5.0
1727288917174,161.765,1.0
1727288918100,161.7629,38.0
1727288918935,161.765,2.0
1727288919107,161.765,73.0
1727288919114,161.7691,17.0
1727288919307,161.7747,61.0
1727288919870,161.7646,2.0
1727288920090,161.7688,1.0
1727288920771,161.7606,3.0
1727288920917,161.7693,21.0
1727288922393,161.77,22.0
1727288922594,161.8134,20.0
1727288922726,161.76,1.0
1727288922979,161.769,3.0
1727288923993,161.7689,5.0
1727288985893,161.77,330.0
1727288987187,161.763,1.0
1727288988138,161.763,3.0
1727288988145,161.7662,3.0
1727288987836,161.765,5.0
1727288987919,161.7699,1.0
1727288988206,161.77,100.0
1727288988206,161.77,100.0
1727288988206,161.77,93.0
1727288988206,161.77,7.0
1727288988206,161.77,100.0
1727288988206,161.77,100.0
1727288988207,161.77,4.0
1727288988207,161.77,100.0
1727288988207,161.77,3.0
1727288988207,161.77,6.0
1727288988207,161.78,1.0
1727288988207,161.78,100.0
1727288988207,161.78,2.0
1727288988207,161.78,10.0
1727288988207,161.78,100.0
1727288988207,161.775,100.0
1727288988207,161.78,906.0
1727288988207,161.78,13.0
1727288988207,161.78,100.0
1727288988208,161.7639,54.0
1727288988208,161.78,25.0
1727288988208,161.78,25.0
1727288988208,161.78,50.0
1727288988212,161.77,10.0
1727288988213,161.77,4.0
1727288988213,161.77,5.0
1727288988213,161.77,10.0
1727288990202,161.765,1.0
1727288990401,161.78,104.0
1727288990872,161.77,4.0
1727288990872,161.77,2.0
1727288990876,161.765,26.0
1727288990904,161.77,1.0
1727288991404,161.77,14.0
1727288992017,161.7686,2.0
1727288993122,161.77,6.0
1727288993711,161.78,4.0
1727288993711,161.78,20.0
1727288993711,161.78,100.0
1727288993711,161.78,100.0
1727288993711,161.78,95.0
1727288993711,161.78,100.0
1727288993711,161.78,5.0
1727288993711,161.78,20.0
1727288993711,161.78,2.0
1727288993711,161.78,100.0
1727288993711,161.78,42.0
1727288993714,161.78,1.0
1727288994386,161.785,10.0
1727288994171,161.79,20.0
1727288994171,161.79,3.0
1727288994171,161.79,5.0
1727288994171,161.79,39.0
1727288994179,161.7899,70.0
1727288994997,161.785,2.0
1727288995327,161.7899,8.0
1727288995917,161.79,1.0
1727288996157,161.785,48.0
1727288996211,161.785,41.0
1727288997163,161.7698,100.0
1727288998122,161.7833,45.0
1727288998770,161.7888,1000.0
1727288998903,161.7832,10.0
1727288998914,161.7832,1.0
1727288998635,161.7812,1.0
1727288999136,161.785,11.0
1727288999152,161.79,61.0
1727288999152,161.79,60.0
1727288999152,161.79,20.0
1727288999152,161.79,20.0
1727288999152,161.79,4.0
1727288999152,161.79,100.0
1727288999152,161.79,3.0
1727288999152,161.79,97.0
1727288999152,161.79,1.0
1727288999152,161.79,100.0
1727288999152,161.79,5.0
1727288999152,161.79,4.0
1727288999152,161.79,41.0
1727288999153,161.79,514.0
1727288999153,161.79,34.0
1727288999153,161.79,56.0
1727288999153,161.79,115.0
1727288999153,161.79,19.0
1727288999153,161.79,321.0
1727288999153,161.79,5.0
1727288999153,161.79,100.0
1727288999153,161.79,100.0
1727288999153,161.79,8.0
1727288999153,161.79,82.0
1727288999153,161.79,18.0
1727288999153,161.79,1.0
1727288999153,161.7852,52.0
1727288999153,161.8,4.0
1727288999182,161.796,2.0
1727288999953,161.7999,35.0
1727289000030,161.795,100.0
1727289000511,161.8,1.0
1727289000513,161.795,3.0
1727289000513,161.79,100.0
1727289000513,161.79,200.0
1727289000513,161.79,1.0
1727289000513,161.79,20.0
1727289000513,161.79,10.0
1727289000513,161.79,35.0
1727289000513,161.79,34.0
1727289000513,161.79,10.0
1727289000513,161.79,50.0
1727289000514,161.79,50.0
1727289000514,161.79,2.0
1727289000514,161.79,39.0
1727289000519,161.79,10.0
1727289000519,161.79,59.0
1727289000519,161.79,100.0
1727289000519,161.79,10.0
1727289000519,161.79,1.0
1727289000519,161.79,100.0
1727289000530,161.789,100.0
1727289000558,161.79,14.0
1727289000559,161.79,5.0
1727289000560,161.79,20.0
1727289000560,161.79,80.0
1727289000560,161.79,1.0
1727289000574,161.79,355.0
1727289000577,161.79,355.0
1727289000647,161.79,2.0
1727289001061,161.7995,5.0
1727289001086,161.79,4.0
1727289001195,161.79,4.0
1727289001200,161.79,2.0
1727289001202,161.79,20.0
1727289001202,161.8,9.0
1727289001286,161.79,25.0
1727289001559,161.795,10.0
1727289001644,161.795,1.0
1727289002032,161.79,10.0
1727289002032,161.79,10.0
1727289002032,161.79,1.0
1727289002191,161.795,1.0
1727289002238,161.7868,100.0
1727289002657,161.7889,50.0
1727289003112,161.7744,500.0
1727289003296,161.7883,103.0
1727289003803,161.785,1.0
1727289003901,161.785,100.0
1727289003931,161.7745,100.0
1727289003938,161.7848,15.0
1727289004603,161.785,5.0
1727289005838,161.79,20.0
1727289005838,161.79,6.0
1727289005838,161.79,30.0
1727289005894,161.78,200.0
1727289006136,161.79,100.0
1727289006136,161.79,100.0
1727289006136,161.79,1.0
1727289006136,161.79,5.0
1727289006136,161.79,104.0
1727289006136,161.79,500.0
1727289006136,161.79,100.0
1727289006137,161.79,96.0
1727289006137,161.79,5.0
1727289006137,161.79,1.0
1727289006137,161.79,100.0
1727289006138,161.79,100.0
1727289006138,161.79,494.0
1727289006138,161.79,100.0
1727289006138,161.79,100.0
1727289006138,161.7895,50.0
1727289006233,161.79,100.0
1727289006675,161.8,4.0
1727289006676,161.8,4.0
1727289006676,161.8,1.0
1727289006680,161.8,3.0
1727289007373,161.795,100.0
1727289008324,161.7988,1.0
1727289008704,161.8,29.0
1727289009438,161.8,69.0
1727289010958,161.795,200.0
1727289011812,161.796,13.0
1727289012000,161.8,91.0
1727289013215,161.79,10.0
1727289013580,161.8,10.0
1727289013865,161.795,52.0
1727289015029,161.796,5.0
1727289015572,161.79,10.0
1727289015572,161.79,100.0
1727289015572,161.79,6.0
1727289015572,161.79,20.0
1727289015572,161.79,100.0
1727289015572,161.79,10.0
1727289015572,161.79,28.0
1727289015572,161.79,10.0
1727289015572,161.79,100.0
1727289015572,161.79,100.0
1727289015573,161.79,15.0
1727289015573,161.79,6.0
1727289015573,161.79,100.0
1727289015573,161.79,10.0
1727289015573,161.79,88.0
1727289015573,161.79,100.0
1727289015573,161.79,88.0
1727289015573,161.79,29.0
1727289015573,161.79,7.0
1727289015573,161.79,46.0
1727289015573,161.79,1.0
1727289015573,161.79,100.0
1727289015573,161.79,10.0
1727289015573,161.79,100.0
1727289015573,161.79,10.0
1727289015573,161.79,5.0
1727289015573,161.79,1.0
1727289015573,161.79,33.0
1727289015573,161.79,67.0
1727289015573,161.79,33.0
1727289016929,161.795,10.0
1727289018335,161.795,50.0
1727289018773,161.795,78.0
1727289019692,161.79,300.0
1727289020175,161.795,70.0
1727289020615,161.795,100.0
1727289020685,161.79,32.0
1727289021496,161.794,6.0
1727289022520,161.795,10.0
1727289022770,161.8049,100.0
1727289024072,161.795,1.0
1727289024219,161.795,40.0
1727289024286,161.7755,1.0
1727289024304,161.8,65.0
1727289024305,161.8,2.0
1727289024308,161.795,49.0
1727289024492,161.795,100.0
1727289024575,161.8,3.0
1727289024575,161.8,1.0
1727289024575,161.8,26.0
1727289024575,161.8,24.0
1727289024575,161.8,100.0
1727289024575,161.8,100.0
1727289024575,161.8,100.0
1727289024575,161.8,2.0
1727289024575,161.8,337.0
1727289024575,161.8,4.0
1727289024575,161.8,100.0
1727289024576,161.7932,53.0
1727289024677,161.809,60.0
1727289024770,161.8,1.0
1727289025083,161.8,1.0
1727289025083,161.8,24.0
1727289025083,161.8,100.0
1727289025494,161.81,15.0
1727289025620,161.802,2.0
1727289025625,161.79,4.0
1727289026271,161.8,1.0
1727289027140,161.808,50.0
1727289027203,161.8,20.0
1727289027203,161.8,30.0
1727289027203,161.8,50.0
1727289027203,161.8,25.0
1727289027203,161.8,20.0
1727289027203,161.8,100.0
1727289027203,161.8,5.0
1727289027203,161.8,100.0
1727289027203,161.8,2.0
1727289027203,161.8,21.0
1727289027203,161.8,20.0
1727289027203,161.8,100.0
1727289026797,161.8073,30.0
1727289026804,161.8072,1.0
1727289026828,161.81,5.0
1727289026828,161.81,100.0
1727289026828,161.81,30.0
1727289026828,161.81,50.0
1727289026828,161.81,100.0
1727289026828,161.81,20.0
1727289026829,161.81,4.0
1727289028320,161.8,100.0
1727289028466,161.79,10.0
1727289029117,161.8075,20.0
1727289029549,161.7716,4.0
1727289029551,161.7716,2.0
1727289030002,161.8,1.0
1727289031136,161.81,1.0
1727289031806,161.7933,168.0
1727289032379,161.795,120.0
1727289032473,161.8,5.0
1727289032821,161.7991,10.0
1727289033019,161.795,51.0
1727289033022,161.795,51.0
1727289033089,161.8,87.0
1727289033090,161.795,13.0
1727289033245,161.795,49.0
1727289033645,161.795,1.0
1727289033797,161.795,1.0
1727289034130,161.7991,52.0
1727289034994,161.795,1.0
1727289035346,161.7988,1.0
1727289035366,161.79,5.0
1727289035907,161.795,10.0
1727289035935,161.7742,100.0
1727289035796,161.795,1.0
1727289035552,161.79,85.0
1727289035552,161.79,100.0
1727289035552,161.79,1.0
1727289035552,161.79,1.0
1727289035552,161.79,20.0
1727289035552,161.79,30.0
1727289035552,161.79,20.0
1727289035552,161.79,1.0
1727289035552,161.79,1.0
1727289035552,161.79,50.0
1727289035552,161.79,91.0
1727289035552,161.79,100.0
1727289035552,161.79,23.0
1727289035552,161.79,100.0
1727289035552,161.79,23.0
1727289035552,161.79,100.0
1727289035552,161.79,100.0
1727289035552,161.79,1.0
1727289035552,161.79,77.0
1727289035552,161.79,1.0
1727289035552,161.79,66.0
1727289035552,161.79,67.0
1727289035552,161.79,100.0
1727289035552,161.79,12.0
1727289035552,161.79,20.0
1727289035552,161.79,2.0
1727289035552,161.79,10.0
1727289035552,161.79,4.0
1727289035552,161.79,100.0
1727289035552,161.79,100.0
1727289035552,161.79,44.0
1727289035553,161.79,100.0
1727289035553,161.79,142.0
1727289035553,161.79,100.0
1727289035553,161.79,109.0
1727289035553,161.79,3.0
1727289035553,161.79,97.0
1727289035553,161.79,100.0
1727289035553,161.79,100.0
1727289035553,161.79,100.0
1727289035553,161.79,100.0
1727289035553,161.79,100.0
1727289035554,161.7955,50.0
1727289035554,161.79,50.0
1727289036009,161.79,100.0
1727289036010,161.79,1.0
1727289036011,161.79,100.0
1727289036012,161.79,1.0
1727289036014,161.79,1.0
1727289036014,161.79,91.0
1727289036276,161.7878,2.0
1727289036737,161.795,1.0
1727289036823,161.79,69.0
1727289038019,161.7903,20.0
1727289038130,161.79,200.0
1727289038130,161.79,100.0
1727289038130,161.79,200.0
1727289038130,161.79,72.0
1727289038130,161.79,100.0
1727289038130,161.79,200.0
1727289038130,161.79,100.0
1727289038131,161.79,150.0
1727289038131,161.785,100.0
1727289038131,161.79,100.0
1727289038131,161.79,100.0
1727289038131,161.79,13.0
1727289038131,161.79,10.0
1727289038131,161.79,2.0
1727289038132,161.79,100.0
1727289038132,161.79,1.0
1727289038134,161.785,1.0
1727289038146,161.79,1.0
1727289038150,161.79,99.0
1727289038157,161.79,72.0
1727289038157,161.79,100.0
1727289038157,161.79,1.0
1727289038157,161.79,1.0
1727289038157,161.79,100.0
1727289038157,161.79,20.0
1727289038157,161.79,108.0
1727289038157,161.79,4.0
1727289038158,161.79,100.0
1727289038158,161.79,20.0
1727289038158,161.79,100.0
1727289038165,161.8,100.0
1727289038131,161.79,150.0
1727289038932,161.7989,5.0
1727289038538,161.798,1.0
1727289038658,161.8,100.0
1727289038733,161.795,1.0
1727289038818,161.7989,1.0
1727289038864,161.795,1.0
1727289039239,161.795,16.0
1727289039397,161.7931,250.0
1727289040008,161.795,13.0
1727289041684,161.8,1.0
1727289042355,161.795,1.0
1727289043783,161.7911,2.0
1727289044257,161.8,5.0
1727289044257,161.8,4.0
1727289044257,161.8,12.0
1727289044258,161.8,100.0
1727289044258,161.8,100.0
1727289044258,161.8,100.0
1727289044258,161.8,15.0
1727289044258,161.8,85.0
1727289044258,161.81,1.0
1727289044258,161.8,100.0
1727289044258,161.8,110.0
1727289044258,161.8,3.0
1727289044258,161.8,4.0
1727289044258,161.8,86.0
1727289044258,161.8,100.0
1727289044258,161.7916,50.0
1727289044265,161.81,21.0
1727289044329,161.81,7.0
1727289044456,161.805,50.0
1727289049091,161.79,1.0
1727289049561,161.799,1.0
1727289049625,161.799,84.0
1727289049463,161.7991,10.0
1727289106298,161.745,1.0
1727289106379,161.74,30.0
1727289106379,161.74,70.0
1727289106379,161.74,70.0
1727289106379,161.74,1.0
1727289106379,161.74,29.0
1727289106379,161.74,171.0
1727289106379,161.74,29.0
1727289106380,161.74,4.0
1727289106380,161.735,2.0
1727289106396,161.74,100.0
1727289108349,161.7388,100.0
1727289108351,161.735,100.0
1727289107764,161.7388,1.0
1727289108416,161.74,24.0
1727289108417,161.74,50.0
1727289110050,161.74,3.0
1727289110050,161.74,97.0
1727289110776,161.755,40.0
1727289111290,161.7597,20.0
1727289111979,161.755,100.0
1727289111775,161.7599,1.0
1727289112021,161.7705,1.0
1727289112069,161.755,100.0
1727289112069,161.76,13.0
1727289112069,161.76,20.0
1727289112069,161.76,30.0
1727289112069,161.76,13.0
1727289112069,161.76,50.0
1727289112069,161.76,60.0
1727289112296,161.755,2.0
1727289112547,161.76,4.0
1727289113609,161.76,20.0
1727289113980,161.754,50.0
1727289115147,161.76,24.0
1727289115923,161.7588,1.0
1727289115618,161.76,100.0
1727289116067,161.755,100.0
1727289117072,161.7512,2.0
1727289117142,161.755,1.0
1727289118474,161.7512,1.0
1727289118539,161.755,10.0
1727289119028,161.7595,5.0
1727289119823,161.755,656.0
1727289120469,161.76,20.0
1727289120805,161.755,2.0
1727289121304,161.7558,1.0
1727289121961,161.755,1.0
1727289122255,161.75,100.0
1727289122256,161.75,25.0
1727289122256,161.75,6.0
1727289122256,161.75,2.0
1727289122256,161.75,100.0
1727289122256,161.75,15.0
1727289122256,161.75,2.0
1727289122256,161.75,10.0
1727289122260,161.75,1.0
1727289122270,161.75,200.0
1727289122270,161.7374,50.0
1727289122363,161.75,3.0
1727289122363,161.75,50.0
1727289122468,161.75,3.0
1727289123063,161.7588,1.0
1727289123194,161.7579,1.0
1727289125473,161.755,100.0
1727289124885,161.75,44.0
1727289125067,161.75,37.0
1727289125233,161.75,15.0
1727289125348,161.755,1.0
1727289125598,161.7694,14.0
1727289125934,161.7504,2.0
1727289125947,161.755,45.0
1727289126964,161.755,65.0
1727289126854,161.755,1.0
1727289127319,161.76,4.0
1727289126505,161.76,13.0
1727289127378,161.7672,1.0
1727289127527,161.75,67.0
1727289127975,161.75,1.0
1727289128166,161.7588,1.0
1727289128225,161.75,3.0
1727289128229,161.75,1.0
1727289128263,161.75,1.0
1727289128263,161.75,100.0
1727289128263,161.75,21.0
1727289128263,161.75,2.0
1727289128263,161.75,50.0
1727289128263,161.75,76.0
1727289128263,161.75,22.0
1727289128263,161.75,5.0
1727289128263,161.75,10.0
1727289128263,161.75,10.0
1727289128263,161.75,1.0
1727289128454,161.7402,105.0
1727289128676,161.7412,1.0
1727289128822,161.75,100.0
1727289130379,161.74,100.0
1727289130380,161.73,32.0
1727289130378,161.74,100.0
1727289130378,161.74,97.0
1727289130378,161.74,33.0
1727289130378,161.74,31.0
1727289130378,161.74,20.0
1727289130378,161.74,5.0
1727289130378,161.74,20.0
1727289130386,161.74,21.0
1727289130455,161.74,10.0
1727289130035,161.75,30.0
1727289130685,161.7692,75.0
1727289130769,161.74,100.0
1727289130910,161.74,1.0
1727289130911,161.74,2.0
1727289130945,161.745,100.0
1727289131022,161.74,230.0
1727289131549,161.74,20.0
1727289131549,161.74,20.0
1727289131549,161.74,20.0
1727289131550,161.74,20.0
1727289131855,161.73,60.0
1727289131888,161.7351,4.0
1727289132452,161.7388,52.0
1727289132901,161.7399,1.0
1727289133344,161.74,99.0
1727289133344,161.735,1.0
1727289133525,161.738,196.0
1727289134730,161.7388,2.0
1727289134404,161.74,99.0
1727289134411,161.74,24.0
1727289134444,161.735,100.0
1727289135292,161.735,39.0
1727289135501,161.73,100.0
1727289135501,161.73,1.0
1727289135501,161.73,1.0
1727289135501,161.73,10.0
1727289135501,161.73,3.0
1727289135501,161.73,3.0
1727289135501,161.73,15.0
1727289135501,161.73,1.0
1727289135502,161.73,24.0
1727289135566,161.72,1.0
1727289136377,161.73,300.0
1727289136377,161.73,100.0
1727289136379,161.73,5.0
1727289136379,161.73,9.0
1727289137624,161.74,10.0
1727289137171,161.735,100.0
1727289138903,161.74,75.0
1727289139964,161.738,1.0
1727289140888,161.7382,23.0
1727289140373,161.74,100.0
1727289140373,161.74,300.0
1727289140373,161.74,100.0
1727289140373,161.74,1.0
1727289140373,161.74,11.0
1727289140374,161.74,1.0
1727289140969,161.7392,8.0
1727289140375,161.74,87.0
1727289140379,161.74,21.0
1727289140387,161.7676,6.0
1727289140531,161.7362,1.0
1727289140555,161.74,100.0
1727289140571,161.74,100.0
1727289141365,161.7358,1.0
1727289141918,161.735,1.0
1727289143205,161.735,1.0
1727289144105,161.735,100.0
1727289145624,161.735,2.0
1727289146293,161.735,3.0
1727289148844,161.7674,200.0
1727289149499,161.739,4.0
1727289149673,161.7301,840.0
1727289150129,161.74,99.0
1727289150129,161.74,1.0
1727289150130,161.7316,53.0
1727289150362,161.74,20.0
1727289150385,161.735,90.0
1727289150604,161.7388,1.0
1727289150627,161.735,100.0
1727289150745,161.735,62.0
1727289151139,161.735,100.0
1727289151171,161.735,300.0
1727289151624,161.7388,1.0
1727289152269,161.735,7.0
1727289152470,161.735,10.0
1727289152470,161.735,10.0
1727289152645,161.735,1.0
1727289153125,161.7397,113.0
1727289153733,161.7811,100.0
1727289154029,161.7395,2.0
1727289154173,161.7388,1.0
1727289154498,161.735,3.0
1727289155006,161.7313,9.0
1727289156988,161.735,10.0
1727289157602,161.733,22.0
1727289159407,161.735,13.0
1727289159544,161.74,20.0
1727289159797,161.735,1680.0
1727289159798,161.7353,129.0
1727289160411,161.74,20.0
1727289160640,161.735,70.0
1727289160642,161.735,266.0
1727289160642,161.735,74.0
1727289160644,161.735,100.0
1727289161971,161.735,2.0
1727289161974,161.7339,12.0
1727289162332,161.7312,1.0
1727289163218,161.7382,86.0
1727289163467,161.73,100.0
1727289163467,161.73,1.0
1727289163467,161.73,100.0
1727289163467,161.73,1.0
1727289163467,161.73,1.0
1727289163467,161.73,1.0
1727289163467,161.73,40.0
1727289163467,161.73,100.0
1727289163467,161.73,156.0
1727289163467,161.73,2.0
1727289163467,161.73,2.0
1727289163467,161.73,44.0
1727289163467,161.73,8.0
1727289163467,161.73,12.0
1727289163467,161.73,516.0
1727289163467,161.73,11.0
1727289163467,161.73,20.0
1727289163467,161.73,438.0
1727289163467,161.73,2.0
1727289163467,161.73,6.0
1727289163467,161.73,8.0
1727289163467,161.7331,57.0
1727289163467,161.73,1.0
1727289163467,161.72,6.0
1727289163468,161.73,10.0
1727289163468,161.73,53.0
1727289163513,161.73,20.0
1727289163515,161.725,200.0
1727289163565,161.73,1.0
1727289163718,161.73,10.0
1727289164342,161.74,100.0
1727289165076,161.73,8.0
1727289165105,161.73,10.0
1727289165105,161.73,10.0
1727289165156,161.73,1.0
1727289165159,161.73,1.0
1727289165161,161.73,1.0
1727289165163,161.73,1.0
1727289165164,161.73,7.0
1727289165164,161.73,10.0
1727289165167,161.73,2.0
1727289165236,161.74,5.0
1727289165295,161.74,2.0
1727289167385,161.73,10.0
1727289167385,161.73,6.0
1727289167385,161.73,77.0
1727289167385,161.73,3.0
1727289167385,161.735,58.0
1727289167385,161.735,48.0
1727289167386,161.735,2.0
1727289230567,161.68,300.0
1727289230901,161.685,100.0
1727289231260,161.6842,63.0
1727289231260,161.6858,1.0
1727289231534,161.685,30.0
1727289232028,161.6801,600.0
1727289232917,161.6802,7.0
1727289233765,161.69,20.0
1727289233765,161.69,20.0
1727289233765,161.69,3.0
1727289233765,161.69,100.0
1727289233765,161.69,22.0
1727289233765,161.69,31.0
1727289233765,161.69,22.0
1727289233765,161.69,200.0
1727289233766,161.69,117.0
1727289233846,161.6858,1.0
1727289235210,161.685,1.0
1727289235471,161.68,100.0
1727289235473,161.6847,100.0
1727289235815,161.6888,1.0
1727289235818,161.685,10.0
1727289235832,161.68,33.0
1727289235832,161.68,8.0
1727289235836,161.68,59.0
1727289236538,161.685,40.0
1727289237104,161.685,1.0
1727289237235,161.69,4.0
1727289237476,161.6832,1.0
1727289239447,161.68,15.0
1727289240464,161.69,100.0
1727289240515,161.6801,1.0
1727289239892,161.6865,1.0
1727289240568,161.69,100.0
1727289240586,161.7463,100.0
1727289240061,161.685,100.0
1727289240726,161.685,2.0
1727289240730,161.68,30.0
1727289240730,161.68,70.0
1727289240730,161.68,85.0
1727289240730,161.68,10.0
1727289240730,161.68,100.0
1727289240730,161.68,90.0
1727289240730,161.68,10.0
1727289240730,161.68,100.0
1727289240730,161.68,41.0
1727289240730,161.68,3.0
1727289240730,161.68,1.0
1727289240730,161.68,100.0
1727289240730,161.68,30.0
1727289240730,161.68,1.0
1727289240730,161.68,20.0
1727289240228,161.685,100.0
1727289240251,161.685,100.0
1727289240770,161.675,1.0
1727289240778,161.68,100.0
1727289240360,161.69,25.0
1727289240950,161.68,50.0
1727289240802,161.69,100.0
1727289240962,161.68,10.0
1727289240989,161.68,100.0
1727289241004,161.68,13.0
1727289240881,161.675,200.0
1727289240883,161.68,100.0
1727289241095,161.68,100.0
1727289241201,161.68,100.0
1727289241479,161.675,48.0
1727289241574,161.675,50.0
1727289241307,161.68,100.0
1727289241705,161.7637,1.0
1727289241352,161.68,2.0
1727289241364,161.6798,1.0
1727289241413,161.68,100.0
1727289242254,161.68,100.0
1727289244152,161.675,50.0
1727289244636,161.67,100.0
1727289244636,161.67,15.0
1727289244636,161.67,12.0
1727289244636,161.67,88.0
1727289244636,161.67,1.0
1727289244636,161.67,20.0
1727289244636,161.67,115.0
1727289244636,161.67,400.0
1727289244637,161.67,585.0
1727289244637,161.67,58.0
1727289244637,161.67,2.0
1727289244637,161.67,900.0
1727289244637,161.67,1.0
1727289244659,161.66,50.0
1727289244739,161.66,1.0
1727289244794,161.67,1.0
1727289244794,161.67,13.0
1727289245697,161.67,20.0
1727289246149,161.67,2.0
1727289247372,161.665,200.0
1727289247541,161.7041,7.0
1727289248060,161.6688,1.0
1727289248719,161.665,100.0
1727289248979,161.67,100.0
1727289248998,161.665,7.0
1727289249072,161.7031,1.0
1727289249464,161.665,4.0
1727289249640,161.67,3.0
1727289249755,161.665,30.0
1727289250334,161.6618,1.0
1727289250409,161.67,25.0
1727289250872,161.67,4.0
1727289251210,161.6699,23.0
1727289252935,161.66,14.0
1727289253095,161.66,1.0
1727289253095,161.66,1.0
1727289253095,161.66,10.0
1727289253095,161.66,33.0
1727289253095,161.66,5.0
1727289253096,161.66,11.0
1727289253096,161.66,53.0
1727289253096,161.66,1.0
1727289253096,161.66,24.0
1727289253096,161.66,12.0
1727289253096,161.66,64.0
1727289253096,161.66,65.0
1727289253096,161.66,20.0
1727289253096,161.66,16.0
1727289253096,161.66,1.0
1727289253096,161.66,61.0
1727289254041,161.655,10.0
1727289254091,161.6589,6.0
1727289254170,161.66,30.0
1727289254170,161.66,42.0
1727289254191,161.66,1.0
1727289254191,161.66,76.0
1727289254191,161.66,24.0
1727289254191,161.66,30.0
1727289254192,161.66,70.0
1727289254383,161.655,1.0
1727289254406,161.66,100.0
1727289254845,161.665,100.0
1727289254850,161.67,85.0
1727289254862,161.666,200.0
1727289254899,161.66,1.0
1727289255374,161.67,3.0
1727289255374,161.67,180.0
1727289255374,161.67,35.0
1727289255374,161.67,7.0
1727289256640,161.675,2.0
1727289256201,161.675,100.0
1727289256210,161.675,100.0
1727289256214,161.675,70.0
1727289256230,161.68,100.0
1727289256242,161.68,1.0
1727289256247,161.68,300.0
1727289256247,161.68,54.0
1727289256247,161.68,30.0
1727289256247,161.68,99.0
1727289256247,161.68,5.0
1727289256247,161.68,1.0
1727289256247,161.68,101.0
1727289256247,161.68,1.0
1727289256247,161.68,98.0
1727289256259,161.69,1.0
1727289256259,161.69,100.0
1727289256259,161.69,100.0
1727289256259,161.69,100.0
1727289256270,161.6889,70.0
1727289256278,161.68,100.0
1727289258826,161.715,64.0
1727289258834,161.71,100.0
1727289258834,161.71,10.0
1727289258834,161.71,30.0
1727289258875,161.715,1.0
1727289258876,161.71,1.0
1727289258898,161.71,34.0
1727289258910,161.71,100.0
1727289258591,161.685,9.0
1727289258806,161.7009,50.0
1727289258806,161.685,5500.0
1727289258806,161.685,300.0
1727289258809,161.685,5400.0
1727289258809,161.685,886.0
1727289258809,161.685,100.0
1727289258812,161.685,100.0
1727289258816,161.69,100.0
1727289258816,161.69,20.0
1727289258816,161.69,30.0
1727289258816,161.69,31.0
1727289258816,161.7,100.0
1727289258816,161.7,30.0
1727289258816,161.7,50.0
1727289258816,161.7,25.0
1727289258817,161.7,20.0
1727289258817,161.7,6.0
1727289258817,161.7,100.0
1727289258817,161.7,100.0
1727289258817,161.7,22.0
1727289258817,161.7,117.0
1727289258817,161.71,100.0
1727289258817,161.71,50.0
1727289258817,161.71,100.0
1727289258817,161.71,30.0
1727289258817,161.71,20.0
1727289258817,161.71,100.0
1727289258817,161.69,10.0
1727289258817,161.7,7.0
1727289258817,161.7,10.0
1727289258817,161.7,100.0
1727289258817,161.7,12.0
1727289258817,161.7,5.0
1727289258817,161.7,10.0
1727289258817,161.7,100.0
1727289258817,161.7,150.0
1727289258817,161.71,20.0
1727289258817,161.69,5.0
1727289258817,161.71,12.0
1727289258817,161.71,5.0
1727289258817,161.71,10.0
1727289258817,161.71,7.0
1727289258817,161.69,100.0
1727289258817,161.7,7.0
1727289258817,161.71,100.0
1727289258817,161.7,10.0
1727289258817,161.7,100.0
1727289258817,161.7,100.0
1727289258817,161.71,7.0
1727289258817,161.71,10.0
1727289258817,161.71,100.0
1727289258817,161.71,100.0
1727289258817,161.69,100.0
1727289258817,161.69,10.0
1727289258817,161.69,200.0
1727289258817,161.71,150.0
1727289258817,161.69,33.0
1727289258817,161.7,10.0
1727289258817,161.7,100.0
1727289258817,161.71,100.0
1727289258817,161.71,100.0
1727289258817,161.71,100.0
1727289258817,161.71,10.0
1727289258817,161.71,100.0
1727289258817,161.71,1.0
1727289258817,161.71,150.0
1727289258817,161.69,21.0
1727289258817,161.7,150.0
1727289258817,161.71,66.0
1727289258817,161.685,100.0
1727289258817,161.71,100.0
1727289258817,161.7,4.0
1727289258818,161.7,2.0
1727289258818,161.71,1.0
1727289258818,161.7,3.0
1727289258818,161.7,5.0
1727289258818,161.71,100.0
1727289258818,161.71,100.0
1727289258818,161.71,99.0
1727289258819,161.72,7.0
1727289258819,161.72,7.0
1727289258820,161.705,100.0
1727289258974,161.7099,1.0
1727289258998,161.7,200.0
1727289259411,161.715,140.0
1727289260934,161.71,50.0
1727289260934,161.7,100.0
1727289260934,161.7,42.0
1727289260934,161.7,108.0
1727289261017,161.705,1.0
1727289261056,161.7286,100.0
1727289261524,161.7001,7.0
1727289261961,161.695,2000.0
1727289261895,161.7,100.0
1727289261895,161.7,100.0
1727289261896,161.695,600.0
1727289261896,161.7,20.0
1727289261896,161.7,500.0
1727289261898,161.695,26.0
1727289262310,161.6999,1.0
1727289262965,161.69,50.0
1727289262965,161.69,10.0
1727289262965,161.69,40.0
1727289262516,161.7,30.0
1727289262530,161.695,370.0
1727289262685,161.6922,1.0
1727289262943,161.698,1.0
1727289263235,161.698,1.0
1727289265026,161.69,50.0
1727289265026,161.69,10.0
1727289265026,161.69,10.0
1727289265026,161.69,30.0
1727289265029,161.695,1.0
1727289265173,161.69,100.0
1727289265173,161.69,100.0
1727289265173,161.69,100.0
1727289265173,161.69,4.0
1727289265173,161.69,52.0
1727289265173,161.69,35.0
1727289265173,161.69,100.0
1727289265173,161.69,2.0
1727289265173,161.69,4.0
1727289265178,161.6877,106.0
1727289265579,161.685,50.0
1727289265698,161.7243,100.0
1727289266018,161.681,21.0
1727289266163,161.68,10.0
1727289266164,161.68,10.0
1727289266164,161.68,30.0
1727289266164,161.68,36.0
1727289266164,161.68,4.0
1727289266164,161.68,10.0
1727289266844,161.681,8.0
1727289267433,161.68,1.0
1727289267446,161.6886,10.0
1727289267893,161.69,2.0
1727289268349,161.685,20.0
1727289269876,161.6882,4.0
1727289269879,161.685,2.0
1727289270355,161.685,26.0
1727289270497,161.7485,2.0
1727289271097,161.6801,6.0
1727289271791,161.685,3.0
1727289272522,161.685,5.0
1727289272807,161.684,1.0
1727289272988,161.6832,1.0
1727289273146,161.6899,100.0
1727289273392,161.685,1.0
1727289274401,161.685,3.0
1727289274467,161.688,10.0
1727289274756,161.6899,1.0
1727289274896,161.6888,1.0
1727289275094,161.69,1.0
1727289275350,161.69,100.0
1727289275749,161.7481,100.0
1727289276088,161.6889,10.0
1727289276828,161.685,70.0
1727289277120,161.6899,40.0
1727289277120,161.685,60.0
1727289277903,161.6888,30.0
1727289278091,161.68,106.0
1727289278229,161.68,66.0
1727289278229,161.68,34.0
1727289278248,161.68,164.0
1727289278248,161.68,100.0
1727289278248,161.68,100.0
1727289278248,161.68,2.0
1727289278248,161.68,100.0
1727289278248,161.68,70.0
1727289278248,161.68,100.0
1727289278248,161.68,34.0
1727289278248,161.68,1.0
1727289278248,161.68,1.0
1727289278249,161.675,200.0
1727289278266,161.68,100.0
1727289279271,161.69,5.0
1727289279349,161.69,69.0
1727289279357,161.685,100.0
1727289281085,161.6899,1.0
1727289281124,161.688,1.0
1727289281260,161.69,1.0
1727289281751,161.685,25.0
1727289282301,161.69,100.0
1727289282302,161.69,100.0
1727289282302,161.69,1.0
1727289282302,161.69,13.0
1727289282302,161.69,111.0
1727289282302,161.69,100.0
1727289282302,161.69,297.0
1727289282302,161.69,3.0
1727289282302,161.69,15.0
1727289282302,161.69,300.0
1727289282302,161.69,18.0
1727289282302,161.69,82.0
1727289282303,161.685,100.0
1727289282315,161.7,25.0
1727289282477,161.695,100.0
1727289284335,161.7,10.0
1727289285283,161.695,50.0
1727289285284,161.695,100.0
1727289285801,161.7,1.0
1727289286852,161.7,1.0
1727289290788,161.6999,5.0
1727289349350,161.675,1.0
1727289350183,161.68,1.0
1727289349798,161.68,3.0
1727289349798,161.68,2.0
1727289349798,161.68,48.0
1727289351759,161.675,100.0
1727289351981,161.68,39.0
1727289353754,161.675,1.0
1727289354348,161.6749,30.0
1727289354602,161.675,8.0
1727289354746,161.6711,1.0
1727289355013,161.675,154.0
1727289355088,161.67,26.0
1727289355088,161.67,74.0
1727289355209,161.675,10.0
1727289355209,161.675,10.0
1727289355209,161.67,20.0
1727289355209,161.67,10.0
1727289355209,161.67,10.0
1727289355209,161.67,83.0
1727289355209,161.67,100.0
1727289355209,161.67,1.0
1727289355209,161.67,20.0
1727289355209,161.67,1.0
1727289355210,161.67,10.0
1727289355217,161.67,3.0
1727289355217,161.67,39.0
1727289355217,161.67,7.0
1727289355219,161.665,10.0
1727289356664,161.665,2.0
1727289357342,161.665,1.0
1727289358736,161.668,1.0
1727289359483,161.665,100.0
1727289360396,161.665,25.0
1727289360480,161.67,31.0
1727289360905,161.665,1.0
1727289361101,161.6623,1.0
1727289361269,161.665,1.0
1727289361269,161.665,3.0
1727289361372,161.6601,3.0
1727289361409,161.6688,1.0
1727289361487,161.66,12.0
1727289362624,161.665,200.0
1727289362624,161.665,100.0
1727289362624,161.665,100.0
1727289362625,161.665,1100.0
1727289362724,161.665,100.0
1727289362848,161.665,1000.0
1727289362871,161.665,200.0
1727289363897,161.67,2.0
1727289364813,161.6634,2.0
1727289364837,161.6697,1.0
1727289365846,161.67,10.0
1727289365850,161.67,1.0
1727289365850,161.67,2.0
1727289365851,161.67,1.0
1727289365851,161.67,15.0
1727289365851,161.67,13.0
1727289365851,161.67,20.0
1727289365851,161.665,100.0
1727289365853,161.665,150.0
1727289365864,161.6699,92.0
1727289366103,161.665,1.0
1727289366124,161.67,71.0
1727289366124,161.67,100.0
1727289366124,161.67,80.0
1727289366124,161.67,4.0
1727289366125,161.67,50.0
1727289366125,161.67,100.0
1727289366125,161.67,100.0
1727289366125,161.67,20.0
1727289366125,161.67,75.0
1727289366125,161.67,40.0
1727289366125,161.67,100.0
1727289366125,161.67,100.0
1727289366155,161.66,8.0
1727289366155,161.66,1.0
1727289366155,161.66,3.0
1727289366155,161.66,500.0
1727289366155,161.66,10459.0
1727289366155,161.66,3400.0
1727289366155,161.6842,50.0
1727289366164,161.665,100.0
1727289366205,161.66,100.0
1727289366205,161.66,1.0
1727289366205,161.66,70.0
1727289366205,161.66,1.0
1727289366205,161.66,5.0
1727289366205,161.66,2.0
1727289366205,161.66,100.0
1727289366206,161.665,50.0
1727289366206,161.66,100.0
1727289366206,161.665,100.0
1727289366206,161.66,20.0
1727289366206,161.66,20.0
1727289366206,161.66,6.0
1727289366752,161.655,1.0
1727289366766,161.6584,2.0
1727289366767,161.65,2.0
1727289367003,161.655,1.0
1727289367211,161.655,100.0
1727289368062,161.679,1.0
1727289367780,161.66,1.0
1727289368317,161.66,100.0
1727289368317,161.66,3.0
1727289368331,161.665,100.0
1727289368760,161.67,30.0
1727289368916,161.665,1.0
1727289369106,161.67,10.0
1727289369613,161.66,100.0
1727289370138,161.66,1.0
1727289370386,161.665,205.0
1727289370405,161.654,250.0
1727289371354,161.6682,31.0
1727289370851,161.66,6.0
1727289370869,161.65,1.0
1727289371226,161.665,2.0
1727289371389,161.6731,1.0
1727289372462,161.67,7.0
1727289372464,161.665,31.0
1727289372473,161.67,25.0
1727289372473,161.67,50.0
1727289372657,161.67,20.0
1727289373416,161.6738,20.0
1727289374007,161.675,30.0
1727289374998,161.68,12.0
1727289374999,161.68,70.0
1727289375029,161.68,3.0
1727289375196,161.68,30.0
1727289375196,161.68,5.0
1727289375896,161.69,1.0
1727289376144,161.6825,165.0
1727289376195,161.6988,1.0
1727289376238,161.69,10.0
1727289376238,161.69,19.0
1727289376239,161.69,3.0
1727289376845,161.6901,10.0
1727289376846,161.7,13.0
1727289376610,161.69,100.0
1727289376693,161.7,57.0
1727289376693,161.7,36.0
1727289376693,161.7,7.0
1727289376698,161.7,100.0
1727289376698,161.7,15.0
1727289377469,161.705,100.0
1727289377480,161.705,50.0
1727289378155,161.71,19.0
1727289378155,161.705,81.0
1727289378742,161.7088,1.0
1727289377179,161.7,1.0
1727289377179,161.7,80.0
1727289377179,161.7,2.0
1727289377179,161.7,413.0
1727289377179,161.7,471.0
1727289377179,161.7,194.0
1727289377179,161.7,2.0
1727289377179,161.7,100.0
1727289377179,161.7,370.0
1727289377179,161.7,4.0
1727289377179,161.7,1.0
1727289377179,161.7,5.0
1727289377179,161.7,1.0
1727289379294,161.71,6.0
1727289379030,161.7001,1.0
1727289379436,161.71,30.0
1727289379116,161.705,100.0
1727289377180,161.7,4.0
1727289377180,161.7,1600.0
1727289377186,161.7,100.0
1727289380295,161.7,2.0
1727289380299,161.705,100.0
1727289381011,161.71,1.0
1727289381011,161.71,100.0
1727289381011,161.71,22.0
1727289381011,161.71,100.0
1727289381011,161.71,1.0
1727289381011,161.71,5.0
1727289381011,161.71,100.0
1727289381011,161.71,32.0
1727289381011,161.71,100.0
1727289381011,161.71,1.0
1727289381011,161.71,34.0
1727289381011,161.71,1.0
1727289381011,161.71,6.0
1727289381012,161.71,100.0
1727289381013,161.72,511.0
1727289381062,161.72,81.0
1727289381065,161.72,19.0
1727289381072,161.715,1.0
1727289380748,161.705,100.0
1727289380768,161.71,100.0
1727289380768,161.71,50.0
1727289380769,161.71,50.0
1727289380769,161.71,100.0
1727289380770,161.71,173.0
1727289380770,161.71,100.0
1727289380771,161.71,100.0
1727289380772,161.71,100.0
1727289380775,161.71,100.0
1727289380807,161.705,32.0
1727289381231,161.71,100.0
1727289381542,161.72,100.0
1727289381603,161.72,10.0
1727289381603,161.72,4.0
1727289381603,161.72,1.0
1727289381603,161.72,1.0
1727289381643,161.71,30.0
1727289381752,161.715,2.0
1727289381752,161.715,15.0
1727289381836,161.7268,100.0
1727289382298,161.72,1.0
1727289382305,161.715,100.0
1727289382396,161.71,100.0
1727289382416,161.72,49.0
1727289382416,161.72,10.0
1727289382416,161.72,41.0
1727289382416,161.72,1.0
1727289382424,161.7199,109.0
1727289382496,161.71,22.0
1727289382498,161.72,1.0
1727289382598,161.72,50.0
1727289382598,161.72,51.0
1727289382616,161.72,1.0
1727289382697,161.72,1.0
1727289382698,161.72,48.0
1727289382698,161.72,50.0
1727289382698,161.72,2.0
1727289382716,161.72,4.0
1727289382716,161.72,22.0
1727289382716,161.72,75.0
1727289382737,161.72,100.0
1727289382798,161.72,100.0
1727289382816,161.72,100.0
1727289382816,161.72,22.0
1727289382816,161.72,2.0
1727289382817,161.72,22.0
1727289382819,161.72,22.0
1727289382898,161.73,1.0
1727289382899,161.725,22.0
1727289383098,161.72,5.0
1727289383098,161.73,100.0
1727289382905,161.73,100.0
1727289383098,161.73,1.0
1727289382911,161.73,62.0
1727289382966,161.725,71.0
1727289382996,161.72,28.0
1727289382997,161.73,10.0
1727289382999,161.73,10.0
1727289382999,161.73,80.0
1727289383198,161.72,100.0
1727289383199,161.72,200.0
1727289383199,161.72,102.0
1727289383204,161.73,100.0
1727289383215,161.72,100.0
1727289383215,161.72,1.0
1727289383298,161.72,1.0
1727289383298,161.72,5.0
1727289383298,161.72,10.0
1727289383298,161.72,85.0
1727289383316,161.72,100.0
1727289383316,161.72,1.0
1727289383398,161.72,1.0
1727289383398,161.72,99.0
1727289383398,161.72,1.0
1727289383433,161.72,100.0
1727289383504,161.73,100.0
1727289383506,161.73,4.0
1727289383615,161.72,1.0
1727289383619,161.715,100.0
1727289383639,161.715,1.0
1727289384051,161.715,30.0
1727289385010,161.715,37.0
1727289385014,161.715,2.0
1727289385401,161.715,13.0
1727289385401,161.715,87.0
1727289385931,161.715,13.0
1727289385931,161.715,157.0
1727289385935,161.72,1830.0
1727289387405,161.71,10.0
1727289387428,161.71,18.0
1727289387511,161.71,1.0
1727289387511,161.71,100.0
1727289387512,161.71,1.0
1727289387512,161.71,17.0
1727289387512,161.71,2.0
1727289387512,161.71,100.0
1727289387512,161.71,18.0
1727289387512,161.71,100.0
1727289387512,161.71,99.0
1727289387512,161.7,100.0
1727289387513,161.7,100.0
1727289387513,161.69,72.0
1727289387513,161.69,45.0
1727289387513,161.69,29.0
1727289387513,161.69,100.0
1727289387513,161.69,100.0
1727289387513,161.69,26.0
1727289387513,161.69,5.0
1727289387513,161.69,67.0
1727289387513,161.69,74.0
1727289387513,161.69,100.0
1727289387513,161.69,100.0
1727289387513,161.69,32.0
1727289387513,161.69,100.0
1727289387514,161.69,30.0
1727289387514,161.69,30.0
1727289387514,161.69,40.0
1727289387514,161.69,100.0
1727289387515,161.7,2.0
1727289387515,161.7,118.0
1727289387515,161.7,138.0
1727289387515,161.7,12.0
1727289387518,161.7,18.0
1727289387651,161.7098,6.0
1727289388504,161.71,100.0
1727289387818,161.7091,50.0
1727289388594,161.7101,118.0
1727289388672,161.71,75.0
1727289388764,161.715,17.0
1727289388767,161.715,16.0
1727289388102,161.7081,15.0
1727289389213,161.72,1.0
1727289390183,161.7001,1.0
1727289390500,161.706,6.0
1727289390911,161.7,1.0
1727289390911,161.7,14.0
1727289390989,161.7,500.0
1727289391010,161.695,1.0
1727289391206,161.7028,9.0
1727289391610,161.6996,25.0
1727289391656,161.7,1.0
1727289391904,161.708,6.0
1727289392010,161.71,1014.0
1727289392033,161.71,1.0
1727289392134,161.712,300.0
1727289392236,161.7,10.0
1727289392354,161.708,1.0
1727289392569,161.71,5.0
1727289392576,161.71,31.0
1727289392595,161.71,12.0
1727289393238,161.7,198.0
1727289394205,161.7028,6.0
1727289394311,161.71,60.0
1727289394383,161.71,14.0
1727289395022,161.6812,1.0
1727289395306,161.72,41.0
1727289396642,161.7178,177.0
1727289397423,161.7186,200.0
1727289397423,161.7193,100.0
1727289397428,161.72,12.0
1727289397588,161.72,100.0
1727289397588,161.72,1.0
1727289397588,161.72,22.0
1727289397589,161.72,100.0
1727289397589,161.72,1.0
1727289397589,161.72,11.0
1727289397761,161.72,1.0
1727289398104,161.73,100.0
1727289398493,161.728,1.0
1727289399133,161.7141,1.0
1727289399161,161.7261,200.0
1727289399646,161.725,200.0
1727289399646,161.71,1.0
1727289401137,161.72,16.0
1727289401137,161.71,25.0
1727289401137,161.71,100.0
1727289401137,161.71,100.0
1727289401137,161.71,50.0
1727289401137,161.71,68.0
1727289401137,161.71,1.0
1727289401137,161.71,52.0
1727289401137,161.71,13.0
1727289401137,161.71,1.0
1727289401137,161.72,20.0
1727289401137,161.71,1.0
1727289401138,161.7,100.0
1727289401138,161.71,1.0
1727289401138,161.7,2.0
1727289401138,161.7,11.0
1727289401138,161.7,10.0
1727289401138,161.69,25.0
1727289401138,161.69,77.0
1727289401138,161.7,69.0
1727289401138,161.69,23.0
1727289401139,161.69,34.0
1727289401139,161.69,62.0
1727289401139,161.69,7.0
1727289401139,161.685,100.0
1727289401139,161.68,20.0
1727289401139,161.68,35.0
1727289401139,161.68,6.0
1727289401139,161.68,100.0
1727289401139,161.68,68.0
1727289401139,161.68,20.0
1727289401139,161.68,10.0
1727289401139,161.68,1.0
1727289401139,161.68,50.0
1727289401139,161.68,10.0
1727289401139,161.68,25.0
1727289401139,161.68,67.0
1727289401139,161.68,2.0
1727289401139,161.68,6.0
1727289401139,161.68,94.0
1727289401139,161.68,60.0
1727289401139,161.68,36.0
1727289401139,161.68,1.0
1727289401139,161.68,10.0
1727289401139,161.68,7.0
1727289401139,161.68,68.0
1727289401139,161.68,5.0
1727289401139,161.68,13.0
1727289401140,161.67,40.0
1727289401140,161.68,4.0
1727289401140,161.68,4.0
1727289401140,161.67,100.0
1727289401140,161.68,8.0
1727289401140,161.67,5.0
1727289401140,161.67,5.0
1727289401140,161.67,82.0
1727289401140,161.68,40.0
1727289401140,161.68,10.0
1727289401140,161.67,10.0
1727289401140,161.67,67.0
1727289401140,161.68,100.0
1727289401141,161.685,31.0
1727289401169,161.69,100.0
1727289401251,161.68,21.0
1727289401655,161.69,100.0
1727289401815,161.688,1.0
1727289401867,161.68,1.0
1727289401983,161.68,1.0
1727289401988,161.69,95.0
1727289402816,161.689,1.0
1727289402826,161.6756,1.0
1727289403547,161.685,1.0
1727289404568,161.725,100.0
1727289404632,161.7,1.0
1727289406570,161.683,3.0
1727289406597,161.684,1.0
1727289473738,161.66,30.0
1727289474225,161.655,10.0
1727289474401,161.659,1.0
1727289474898,161.655,1.0
1727289476193,161.66,1.0
1727289475368,161.655,20.0
1727289475690,161.655,1.0
1727289476169,161.6537,35.0
1727289476549,161.66,60.0
1727289476549,161.66,34.0
1727289476549,161.66,6.0
1727289476549,161.66,2.0
1727289476567,161.655,2.0
1727289477236,161.65,20.0
1727289476780,161.65,3.0
1727289477343,161.6745,1.0
1727289476992,161.6507,72.0
1727289477137,161.65,1.0
1727289477139,161.65,20.0
1727289477139,161.65,25.0
1727289477139,161.65,50.0
1727289477139,161.65,50.0
1727289477139,161.65,100.0
1727289477139,161.65,50.0
1727289477139,161.65,5.0
1727289477139,161.66,14.0
1727289477139,161.66,51.0
1727289477140,161.65,100.0
1727289477140,161.65,7.0
1727289477140,161.65,56.0
1727289477140,161.65,100.0
1727289477140,161.65,9.0
1727289477634,161.645,10.0
1727289477855,161.655,200.0
1727289478068,161.65,40.0
1727289478101,161.6499,35.0
1727289478988,161.65,100.0
1727289479077,161.645,30.0
1727289479901,161.64,25.0
1727289479901,161.64,100.0
1727289479901,161.64,10.0
1727289479901,161.64,100.0
1727289479901,161.64,50.0
1727289479901,161.64,15.0
1727289479902,161.64,5.0
1727289479902,161.64,95.0
1727289479902,161.64,100.0
1727289479906,161.645,100.0
1727289480041,161.645,2.0
1727289480227,161.65,2.0
1727289480234,161.65,1.0
1727289480234,161.65,27.0
1727289480564,161.65,100.0
1727289480564,161.65,20.0
1727289480564,161.65,35.0
1727289480564,161.65,10.0
1727289480564,161.65,5.0
1727289480564,161.65,1.0
1727289480566,161.645,30.0
1727289480569,161.645,32.0
1727289480824,161.65,80.0
1727289480905,161.64,86.0
1727289480905,161.64,5.0
1727289480905,161.64,9.0
1727289480907,161.6445,9.0
1727289481008,161.64,50.0
1727289481360,161.645,2.0
1727289481494,161.645,1.0
1727289481791,161.645,3.0
1727289481996,161.6781,33.0
1727289482335,161.65,20.0
1727289482335,161.65,50.0
1727289482335,161.65,100.0
1727289482522,161.655,2.0
1727289482522,161.655,2.0
1727289482563,161.65,430.0
1727289482564,161.65,1.0
1727289482564,161.65,9.0
1727289482564,161.65,100.0
1727289482564,161.65,150.0
1727289482564,161.65,2.0
1727289482565,161.645,500.0
1727289482566,161.645,400.0
1727289482566,161.645,700.0
1727289482567,161.645,120.0
1727289482567,161.645,120.0
1727289482570,161.65,200.0
1727289482571,161.65,99.0
1727289482841,161.6482,6.0
1727289483377,161.65,100.0
1727289483682,161.645,200.0
1727289483837,161.65,20.0
1727289483837,161.65,80.0
1727289483838,161.65,150.0
1727289484253,161.6499,35.0
1727289484460,161.6779,1.0
1727289484855,161.6418,100.0
1727289484926,161.649,1.0
1727289485207,161.65,20.0
1727289485304,161.6786,100.0
1727289485688,161.645,12.0
1727289485979,161.645,10.0
1727289486491,161.6478,5.0
1727289486539,161.645,60.0
1727289486643,161.65,10.0
1727289486643,161.65,6.0
1727289486651,161.6499,71.0
1727289487222,161.6765,1.0
1727289487432,161.645,25.0
1727289487904,161.65,100.0
1727289487905,161.65,5.0
1727289487905,161.65,5.0
1727289487935,161.65,150.0
1727289487938,161.65,100.0
1727289487938,161.65,50.0
1727289487938,161.65,25.0
1727289487938,161.65,100.0
1727289487938,161.65,100.0
1727289487938,161.65,70.0
1727289487938,161.65,55.0
1727289487938,161.65,60.0
1727289487938,161.65,100.0
1727289487939,161.65,66.0
1727289487939,161.65,60.0
1727289488084,161.649,5.0
1727289488190,161.64,1.0
1727289488195,161.65,10.0
1727289488195,161.65,20.0
1727289488195,161.64,1.0
1727289488195,161.64,25.0
1727289488195,161.64,20.0
1727289488195,161.64,100.0
1727289488195,161.64,50.0
1727289488195,161.64,74.0
1727289488213,161.65,100.0
1727289488652,161.645,10.0
1727289488655,161.65,10.0
1727289489289,161.65,50.0
1727289489485,161.65,60.0
1727289490284,161.65,1.0
1727289490366,161.65,33.0
1727289490506,161.649,24.0
1727289490942,161.65,10.0
1727289490777,161.6514,1.0
1727289490897,161.65,10.0
1727289491732,161.65,10.0
1727289491733,161.65,10.0
1727289491741,161.6499,35.0
1727289492282,161.645,1.0
1727289492707,161.64,100.0
1727289492707,161.64,100.0
1727289492707,161.64,100.0
1727289492708,161.64,24.0
1727289492708,161.64,76.0
1727289492708,161.64,100.0
1727289492710,161.64,1.0
1727289492710,161.64,1.0
1727289493468,161.65,4.0
1727289493961,161.65,40.0
1727289493961,161.64,100.0
1727289493961,161.64,50.0
1727289493961,161.64,100.0
1727289493961,161.64,10.0
1727289493961,161.64,98.0
1727289493961,161.65,2.0
1727289493962,161.64,100.0
1727289493962,161.64,7.0
1727289493995,161.6412,1.0
1727289494015,161.64,1.0
1727289494504,161.6488,1.0
1727289494552,161.6571,50.0
1727289494967,161.65,10.0
1727289494967,161.65,20.0
1727289494967,161.65,10.0
1727289494967,161.64,100.0
1727289494967,161.64,60.0
1727289494968,161.64,1.0
1727289494968,161.64,99.0
1727289494969,161.64,51.0
1727289497460,161.645,200.0
1727289497624,161.649,64.0
1727289498511,161.655,27.0
1727289498505,161.65,50.0
1727289498505,161.65,60.0
1727289496886,161.6486,200.0
1727289498243,161.6411,1.0
1727289499104,161.6588,1.0
1727289499205,161.65,1.0
1727289499270,161.66,10.0
1727289499270,161.66,3.0
1727289500093,161.655,10.0
1727289500462,161.6743,5.0
1727289500631,161.7118,100.0
1727289501396,161.655,2.0
1727289501614,161.6584,25.0
1727289501915,161.659,1.0
1727289502246,161.65,25.0
1727289502246,161.65,10.0
1727289502246,161.65,20.0
1727289502246,161.65,100.0
1727289502246,161.65,100.0
1727289502246,161.65,45.0
1727289502247,161.65,55.0
1727289502247,161.65,8.0
1727289502247,161.65,37.0
1727289502250,161.655,100.0
1727289503503,161.65,63.0
1727289503503,161.65,100.0
1727289503503,161.65,37.0
1727289503507,161.65,100.0
1727289504047,161.65,2.0
1727289504115,161.65,1.0
1727289505269,161.66,25.0
1727289505821,161.6358,1.0
1727289505510,161.64,1.0
1727289505513,161.65,27.0
1727289505513,161.64,40.0
1727289505513,161.64,53.0
1727289505513,161.64,25.0
1727289505513,161.64,4.0
1727289505513,161.64,100.0
1727289505513,161.64,50.0
1727289505513,161.64,1.0
1727289505513,161.64,100.0
1727289505514,161.65,20.0
1727289505514,161.64,1.0
1727289505518,161.635,59.0
1727289505626,161.638,1.0
1727289508004,161.639,1.0
1727289507667,161.63,1.0
1727289507877,161.64,18.0
1727289508761,161.64,20.0
1727289508761,161.64,80.0
1727289508761,161.64,14.0
1727289508761,161.64,2.0
1727289508762,161.64,90.0
1727289509220,161.6608,1.0
1727289510145,161.635,100.0
1727289509775,161.63,1.0
1727289509775,161.63,150.0
1727289509778,161.63,20.0
1727289509778,161.63,25.0
1727289509778,161.63,4.0
1727289509778,161.63,100.0
1727289509778,161.63,100.0
1727289509778,161.63,100.0
1727289509778,161.63,2.0
1727289509778,161.63,49.0
1727289509779,161.63,100.0
1727289509779,161.63,100.0
1727289509779,161.63,2.0
1727289509779,161.64,1.0
1727289509780,161.63,8.0
1727289509780,161.63,100.0
1727289509780,161.63,1.0
1727289509793,161.6301,139.0
1727289509970,161.637,10.0
1727289510707,161.64,32.0
1727289510921,161.6385,250.0
1727289511947,161.64,10.0
1727289511992,161.64,1.0
1727289511992,161.64,45.0
1727289512538,161.64,20.0
1727289512538,161.64,40.0
1727289512538,161.64,10.0
1727289512538,161.64,20.0
1727289512538,161.63,100.0
1727289512538,161.63,100.0
1727289512538,161.63,20.0
1727289512538,161.63,50.0
1727289512538,161.63,40.0
1727289512539,161.63,6.0
1727289512539,161.63,94.0
1727289512787,161.63,60.0
1727289512787,161.63,20.0
1727289512787,161.63,8.0
1727289512787,161.63,7.0
1727289512787,161.62,100.0
1727289512787,161.62,100.0
1727289512787,161.62,5.0
1727289512788,161.62,7.0
1727289512788,161.62,34.0
1727289512788,161.62,59.0
1727289512788,161.63,5.0
1727289512788,161.63,50.0
1727289512788,161.63,20.0
1727289512788,161.63,55.0
1727289512788,161.63,23.0
1727289512788,161.63,19.0
1727289512789,161.62,5.0
1727289513089,161.63,50.0
1727289513103,161.63,1.0
1727289513357,161.62,100.0
1727289513643,161.6289,1.0
1727289514429,161.6275,362.0
1727289514531,161.629,1.0
1727289514545,161.62,1.0
1727289514545,161.62,32.0
1727289514545,161.62,100.0
1727289514545,161.61,1.0
1727289514545,161.61,1.0
1727289514545,161.61,16.0
1727289514545,161.61,1.0
1727289514545,161.61,100.0
1727289514545,161.61,20.0
1727289514545,161.61,50.0
1727289514545,161.61,30.0
1727289514545,161.61,48.0
1727289514545,161.62,10.0
1727289514545,161.61,100.0
1727289514545,161.61,100.0
1727289514548,161.6,3.0
1727289514548,161.62,1.0
1727289514548,161.62,1.0
1727289514549,161.61,83.0
1727289514549,161.61,29.0
1727289514552,161.61,22.0
1727289514788,161.62,10.0
1727289515000,161.6299,1.0
1727289515046,161.61,1.0
1727289515048,161.61,1.0
1727289515048,161.61,10.0
1727289515048,161.61,100.0
1727289515048,161.61,100.0
1727289515048,161.61,100.0
1727289515048,161.61,89.0
1727289515048,161.61,100.0
1727289515049,161.62,35.0
1727289515049,161.61,1.0
1727289515052,161.61,100.0
1727289515463,161.61,1.0
1727289515543,161.62,50.0
1727289515543,161.62,10.0
1727289515543,161.62,100.0
1727289515792,161.625,20.0
1727289515796,161.6297,10.0
1727289515860,161.624,1.0
1727289516501,161.63,10.0
1727289516767,161.63,125.0
1727289517119,161.63,4.0
1727289517195,161.63,16.0
1727289517203,161.6299,1.0
1727289519677,161.6263,1.0
1727289519974,161.625,1.0
1727289520366,161.63,32.0
1727289520543,161.625,10.0
1727289521521,161.63,10.0
1727289521522,161.63,90.0
1727289521522,161.63,7.0
1727289521522,161.63,10.0
1727289521366,161.63,1.0
1727289522337,161.62,100.0
1727289522337,161.62,1.0
1727289522337,161.62,10.0
1727289522338,161.62,100.0
1727289522338,161.62,37.0
1727289522338,161.62,10.0
1727289522338,161.62,10.0
1727289522494,161.6199,1.0
1727289522499,161.615,1.0
1727289523953,161.7093,100.0
1727289525963,161.6198,2.0
1727289525983,161.62,12.0
1727289525983,161.62,38.0
1727289525987,161.62,100.0
1727289526097,161.62,27.0
1727289526154,161.63,1.0
1727289526365,161.63,6.0
1727289526442,161.6278,1.0
1727289527056,161.61,27.0
1727289527228,161.61,3.0
1727289528199,161.63,100.0
1727289529022,161.61,1.0
1727289528424,161.6702,100.0
1727289528846,161.62,5.0
1727289529330,161.62,15.0
1727289529570,161.62,80.0
1727289530924,161.6742,24.0
1727289531129,161.615,100.0
1727289531129,161.61,100.0
1727289531129,161.61,1.0
1727289531129,161.61,99.0
1727289531130,161.61,94.0
1727289531130,161.61,6.0
1727289531327,161.62,100.0
1727289531858,161.615,24.0
1727289534095,161.623,50.0
1727289533715,161.615,20.0
1727289534707,161.62,1.0
1727289562144,161.605,30.0
1727289562144,161.605,30.0
1727289562330,161.602,28.0
1727289562330,161.602,28.0
1727289562755,161.605,100.0
1727289562755,161.605,100.0
1727289624791,161.58,1.0
1727289624793,161.58,200.0
1727289624793,161.58,300.0
1727289624794,161.58,25.0
1727289624794,161.58,1.0
1727289624794,161.58,74.0
1727289624791,161.58,1.0
1727289624793,161.58,200.0
1727289624793,161.58,300.0
1727289624794,161.58,25.0
1727289624794,161.58,1.0
1727289624794,161.58,74.0
1727289624794,161.58,1.0
1727289624794,161.58,1.0
1727289624794,161.58,25.0
1727289624795,161.58,100.0
1727289624794,161.58,1.0
1727289624794,161.58,1.0
1727289624794,161.58,25.0
1727289624795,161.58,100.0
1727289625174,161.58,1.0
1727289625174,161.58,1.0
1727289625185,161.589,19.0
1727289625186,161.58,10.0
1727289625185,161.589,19.0
1727289625186,161.58,10.0
1727289625974,161.59,1.0
1727289625974,161.59,1.0
1727289626047,161.57,150.0
1727289626047,161.57,1.0
1727289626051,161.57,20.0
1727289626051,161.57,20.0
1727289626051,161.57,25.0
1727289626051,161.57,50.0
1727289626051,161.57,50.0
1727289626051,161.57,35.0
1727289626051,161.57,100.0
1727289626052,161.5874,50.0
1727289626047,161.57,150.0
1727289626047,161.57,1.0
1727289626051,161.57,20.0
1727289626051,161.57,20.0
1727289626051,161.57,25.0
1727289626051,161.57,50.0
1727289626051,161.57,50.0
1727289626051,161.57,35.0
1727289626051,161.57,100.0
1727289626052,161.5874,50.0
1727289626077,161.565,11.0
1727289626085,161.569,1.0
1727289626077,161.565,11.0
1727289626085,161.569,1.0
1727289626109,161.57,11.0
1727289626109,161.57,11.0
1727289626109,161.57,12.0
1727289626109,161.57,12.0
1727289626198,161.58,1.0
1727289626198,161.58,1.0
1727289626228,161.58,1.0
1727289626228,161.58,1.0
1727289626791,161.576,1.0
1727289626791,161.576,1.0
1727289627247,161.576,1.0
1727289627247,161.576,1.0
1727289627310,161.57,100.0
1727289627310,161.57,100.0
1727289627401,161.58,1.0
1727289627401,161.58,1.0
1727289627401,161.58,1.0
1727289627401,161.58,1.0
1727289627872,161.576,2.0
1727289627872,161.576,2.0
1727289628097,161.5797,10.0
1727289628097,161.5797,10.0
1727289628148,161.5601,80.0
1727289628148,161.5601,80.0
1727289628235,161.57,10.0
1727289628235,161.57,10.0
1727289628632,161.576,1.0
1727289628632,161.576,1.0
1727289629543,161.58,56.0
1727289629547,161.57,1.0
1727289629543,161.58,56.0
1727289629547,161.57,1.0
1727289630014,161.57,2.0
1727289630014,161.57,2.0
1727289630131,161.58,6.0
1727289630131,161.58,6.0
1727289630358,161.58,100.0
1727289630358,161.58,100.0
1727289630366,161.58,1.0
1727289630366,161.58,1.0
1727289631238,161.5788,1.0
1727289631238,161.5788,1.0
1727289631287,161.575,1.0
1727289631287,161.575,1.0
1727289631651,161.5686,2.0
1727289631651,161.5686,2.0
1727289631512,161.57,1.0
1727289631512,161.57,56.0
1727289631512,161.57,19.0
1727289631513,161.56,6.0
1727289631512,161.57,1.0
1727289631512,161.57,56.0
1727289631512,161.57,19.0
1727289631513,161.56,6.0
1727289631580,161.5609,20.0
1727289631580,161.5609,20.0
1727289632201,161.5688,1.0
1727289632175,161.565,2.0
1727289632175,161.565,2.0
1727289632201,161.5688,1.0
1727289632366,161.57,22.0
1727289632367,161.57,14.0
1727289632366,161.57,22.0
1727289632367,161.57,14.0
1727289633018,161.5729,50.0
1727289633018,161.5729,50.0
1727289633326,161.58,88.0
1727289633326,161.58,12.0
1727289633326,161.58,88.0
1727289633326,161.58,12.0
1727289633135,161.57,4.0
1727289633135,161.57,4.0
1727289634041,161.575,15.0
1727289634041,161.575,15.0
1727289634532,161.58,38.0
1727289634532,161.58,38.0
1727289634854,161.575,10.0
1727289634854,161.575,10.0
1727289634950,161.579,5.0
1727289634950,161.579,5.0
1727289635227,161.5755,9.0
1727289635227,161.5755,9.0
1727289635534,161.58,1.0
1727289635534,161.58,1.0
1727289635901,161.575,20.0
1727289635901,161.575,20.0
1727289636889,161.575,10.0
1727289636889,161.575,10.0
1727289636923,161.575,90.0
1727289636923,161.575,90.0
1727289637414,161.5791,10.0
1727289637414,161.5791,10.0
1727289637623,161.576,10.0
1727289637623,161.576,10.0
1727289638155,161.575,174.0
1727289638155,161.575,174.0
1727289638711,161.58,3.0
1727289638711,161.58,3.0
1727289639344,161.5712,1.0
1727289639344,161.5712,1.0
1727289640189,161.579,1.0
1727289640189,161.579,1.0
1727289640314,161.5797,34.0
1727289640314,161.5797,34.0
1727289640487,161.58,20.0
1727289640487,161.58,30.0
1727289640487,161.58,100.0
1727289640487,161.58,2.0
1727289640487,161.58,100.0
1727289640487,161.58,1.0
1727289640493,161.59,1.0
1727289640494,161.59,18.0
1727289640487,161.58,20.0
1727289640487,161.58,30.0
1727289640487,161.58,100.0
1727289640487,161.58,2.0
1727289640487,161.58,100.0
1727289640487,161.58,1.0
1727289640493,161.59,1.0
1727289640494,161.59,18.0
1727289640552,161.6,100.0
1727289640552,161.6,100.0
1727289640621,161.59,150.0
1727289640621,161.6,100.0
1727289640626,161.59,1.0
1727289640626,161.59,10.0
1727289640626,161.59,89.0
1727289640626,161.59,25.0
1727289640626,161.59,100.0
1727289640626,161.59,76.0
1727289640626,161.59,99.0
1727289640627,161.5843,50.0
1727289640621,161.59,150.0
1727289640630,161.595,100.0
1727289640621,161.6,100.0
1727289640626,161.59,1.0
1727289640626,161.59,10.0
1727289640626,161.59,89.0
1727289640626,161.59,100.0
1727289640626,161.59,25.0
1727289640626,161.59,76.0
1727289640626,161.59,99.0
1727289640627,161.5843,50.0
1727289640630,161.595,100.0
1727289640874,161.59,1.0
1727289640874,161.58,25.0
1727289640874,161.58,10.0
1727289640874,161.58,50.0
1727289640874,161.58,100.0
1727289640874,161.58,14.0
1727289640876,161.58,100.0
1727289640877,161.585,100.0
1727289640874,161.59,1.0
1727289640874,161.58,25.0
1727289640874,161.58,10.0
1727289640874,161.58,50.0
1727289640874,161.58,100.0
1727289640874,161.58,14.0
1727289640876,161.58,100.0
1727289640877,161.585,100.0
1727289641376,161.58,1.0
1727289641379,161.58,100.0
1727289641379,161.586,50.0
1727289641380,161.58,1.0
1727289641380,161.58,25.0
1727289641381,161.58,100.0
1727289641381,161.58,100.0
1727289641376,161.58,1.0
1727289641379,161.58,100.0
1727289641379,161.586,50.0
1727289641380,161.58,1.0
1727289641380,161.58,25.0
1727289641381,161.58,100.0
1727289641381,161.58,100.0
1727289641408,161.58,50.0
1727289641408,161.58,50.0
1727289641681,161.59,9.0
1727289641681,161.59,9.0
1727289642633,161.58,10.0
1727289642633,161.58,100.0
1727289642633,161.58,60.0
1727289642633,161.58,30.0
1727289642633,161.58,1.0
1727289642633,161.58,10.0
1727289642633,161.58,100.0
1727289642633,161.58,40.0
1727289642633,161.58,100.0
1727289642633,161.58,50.0
1727289642633,161.58,10.0
1727289642633,161.58,100.0
1727289642633,161.58,60.0
1727289642633,161.58,30.0
1727289642633,161.58,1.0
1727289642633,161.58,10.0
1727289642633,161.58,100.0
1727289642633,161.58,100.0
1727289642633,161.58,50.0
1727289642633,161.58,40.0
1727289643928,161.58,50.0
1727289643928,161.58,50.0
1727289644189,161.58,50.0
1727289644189,161.58,50.0
1727289644225,161.59,20.0
1727289644225,161.59,20.0
1727289645082,161.58,20.0
1727289645082,161.58,20.0
1727289645548,161.58,1.0
1727289645548,161.58,1.0
1727289645589,161.57,1.0
1727289645589,161.57,1.0
1727289645733,161.58,1.0
1727289645733,161.58,1.0
1727289645863,161.6469,9.0
1727289645863,161.6469,9.0
1727289645938,161.582,5.0
1727289645938,161.582,5.0
1727289645979,161.6021,1.0
1727289645979,161.6021,1.0
1727289646487,161.59,50.0
1727289646487,161.59,10.0
1727289646487,161.59,50.0
1727289646487,161.59,10.0
1727289646856,161.585,1.0
1727289646856,161.585,1.0
1727289648107,161.5818,100.0
1727289648107,161.5818,100.0
1727289649843,161.58,1.0
1727289649843,161.58,1.0
1727289650063,161.58,2.0
1727289650066,161.58,7.0
1727289650066,161.58,31.0
1727289650063,161.58,2.0
1727289650066,161.58,7.0
1727289650066,161.58,31.0
1727289650512,161.59,5.0
1727289650512,161.59,5.0
1727289650382,161.58,44.0
1727289650382,161.58,44.0
1727289650825,161.58,10.0
1727289650825,161.58,10.0
1727289651114,161.58,8.0
1727289651114,161.58,4.0
1727289651116,161.58,22.0
1727289651114,161.58,8.0
1727289651126,161.58,1.0
1727289651114,161.58,4.0
1727289651116,161.58,22.0
1727289651126,161.58,1.0
1727289651589,161.58,20.0
1727289651589,161.58,20.0
1727289651961,161.58,100.0
1727289651961,161.58,100.0
1727289652007,161.5877,1.0
1727289652007,161.5877,1.0
1727289652031,161.58,100.0
1727289652031,161.58,100.0
1727289652120,161.58,10.0
1727289652120,161.58,1.0
1727289652123,161.58,1.0
1727289652120,161.58,10.0
1727289652120,161.58,1.0
1727289652123,161.58,1.0
1727289652136,161.57,90.0
1727289652136,161.5805,50.0
1727289652142,161.575,100.0
1727289652136,161.57,90.0
1727289652136,161.5805,50.0
1727289652142,161.575,100.0
1727289653107,161.58,1.0
1727289653108,161.58,5.0
1727289653110,161.58,15.0
1727289653114,161.58,311.0
1727289653115,161.58,10.0
1727289653115,161.57,25.0
1727289653115,161.57,1.0
1727289653115,161.57,50.0
1727289653115,161.57,10.0
1727289653115,161.57,4.0
1727289653115,161.57,28.0
1727289653115,161.57,2.0
1727289653115,161.57,100.0
1727289653115,161.57,100.0
1727289653115,161.57,10.0
1727289653115,161.57,10.0
1727289653115,161.57,58.0
1727289653115,161.57,22.0
1727289653115,161.57,13.0
1727289653107,161.58,1.0
1727289653118,161.565,100.0
1727289653108,161.58,5.0
1727289653110,161.58,15.0
1727289653114,161.58,311.0
1727289653115,161.58,10.0
1727289653115,161.57,25.0
1727289653115,161.57,1.0
1727289653115,161.57,50.0
1727289653115,161.57,10.0
1727289653115,161.57,4.0
1727289653115,161.57,28.0
1727289653115,161.57,2.0
1727289653115,161.57,100.0
1727289653115,161.57,100.0
1727289653115,161.57,10.0
1727289653115,161.57,10.0
1727289653115,161.57,58.0
1727289653115,161.57,22.0
1727289653115,161.57,13.0
1727289653118,161.565,100.0
1727289653172,161.56,100.0
1727289653172,161.56,100.0
1727289653174,161.56,1.0
1727289653177,161.56,1.0
1727289653177,161.56,25.0
1727289653177,161.56,50.0
1727289653177,161.56,100.0
1727289653177,161.56,100.0
1727289653177,161.56,10.0
1727289653177,161.56,14.0
1727289653177,161.56,100.0
1727289653177,161.56,1.0
1727289653178,161.56,36.0
1727289653172,161.56,100.0
1727289653172,161.56,100.0
1727289653180,161.56,1.0
1727289653174,161.56,1.0
1727289653177,161.56,1.0
1727289653177,161.56,25.0
1727289653177,161.56,50.0
1727289653177,161.56,100.0
1727289653177,161.56,100.0
1727289653177,161.56,10.0
1727289653177,161.56,14.0
1727289653177,161.56,100.0
1727289653177,161.56,1.0
1727289653178,161.56,36.0
1727289653180,161.56,1.0
1727289653219,161.565,1.0
1727289653219,161.565,1.0
1727289653330,161.57,1.0
1727289653333,161.565,100.0
1727289653330,161.57,1.0
1727289653333,161.565,100.0
1727289654166,161.568,1.0
1727289654166,161.568,1.0
1727289654654,161.5688,1.0
1727289654654,161.5688,1.0
1727289654679,161.55,1.0
1727289654682,161.55,1.0
1727289654682,161.55,1.0
1727289654682,161.55,1.0
1727289654682,161.55,2.0
1727289654682,161.55,50.0
1727289654682,161.55,20.0
1727289654682,161.55,27.0
1727289654682,161.55,20.0
1727289654682,161.55,100.0
1727289654682,161.55,100.0
1727289654682,161.55,100.0
1727289654682,161.55,22.0
1727289654682,161.55,100.0
1727289654682,161.55,56.0
1727289654682,161.56,25.0
1727289654682,161.55,1.0
1727289654682,161.55,100.0
1727289654683,161.55,3.0
1727289654683,161.55,25.0
1727289654683,161.55,100.0
1727289654683,161.55,72.0
1727289654685,161.55,1.0
1727289654686,161.55,9.0
1727289654679,161.55,1.0
1727289654682,161.55,1.0
1727289654692,161.55,100.0
1727289654682,161.55,1.0
1727289654682,161.55,1.0
1727289654682,161.55,2.0
1727289654682,161.55,50.0
1727289654682,161.55,20.0
1727289654682,161.55,27.0
1727289654682,161.55,20.0
1727289654682,161.55,100.0
1727289654682,161.55,100.0
1727289654682,161.55,100.0
1727289654682,161.55,22.0
1727289654682,161.55,100.0
1727289654682,161.55,56.0
1727289654682,161.56,25.0
1727289654682,161.55,1.0
1727289654682,161.55,100.0
1727289654683,161.55,3.0
1727289654683,161.55,25.0
1727289654683,161.55,100.0
1727289654683,161.55,72.0
1727289654685,161.55,1.0
1727289654686,161.55,9.0
1727289654692,161.55,100.0
1727289654734,161.55,5.0
1727289654734,161.55,5.0
1727289654799,161.555,10.0
1727289654799,161.555,10.0
1727289654815,161.5536,1.0
1727289654815,161.5536,1.0
1727289654851,161.56,42.0
1727289654851,161.56,10.0
1727289654851,161.56,17.0
1727289654851,161.56,12.0
1727289654852,161.55,5.0
1727289654851,161.56,42.0
1727289654851,161.56,10.0
1727289654851,161.56,17.0
1727289654851,161.56,12.0
1727289654852,161.55,5.0
1727289654977,161.5511,4.0
1727289654977,161.5511,4.0
1727289655177,161.57,6.0
1727289655177,161.57,6.0
1727289655194,161.56,12.0
1727289655194,161.56,12.0
1727289655306,161.56,1.0
1727289655306,161.56,1.0
1727289655685,161.56,23.0
1727289655685,161.55,100.0
1727289655685,161.55,300.0
1727289655687,161.55,10.0
1727289655687,161.55,10.0
1727289655687,161.55,100.0
1727289655685,161.56,23.0
1727289655685,161.55,100.0
1727289655685,161.55,300.0
1727289655687,161.55,10.0
1727289655687,161.55,10.0
1727289655687,161.55,100.0
1727289655709,161.55,1.0
1727289655709,161.56,12.0
1727289655709,161.56,38.0
1727289655709,161.56,100.0
1727289655710,161.55,70.0
1727289655709,161.55,1.0
1727289655709,161.56,12.0
1727289655709,161.56,38.0
1727289655709,161.56,100.0
1727289655710,161.55,70.0
1727289656296,161.565,18.0
1727289656296,161.565,18.0
1727289656553,161.563,700.0
1727289656553,161.563,700.0
1727289658963,161.57,46.0
1727289658738,161.56,4.0
1727289658738,161.56,4.0
1727289658760,161.57,100.0
1727289658760,161.57,70.0
1727289658761,161.57,1.0
1727289658761,161.57,1.0
1727289658761,161.57,1.0
1727289658761,161.57,1.0
1727289658761,161.57,100.0
1727289658761,161.56,23.0
1727289658761,161.56,23.0
1727289658761,161.56,38.0
1727289658761,161.56,1.0
1727289658761,161.56,1.0
1727289658761,161.56,50.0
1727289658761,161.56,32.0
1727289658761,161.57,10.0
1727289658761,161.56,100.0
1727289658761,161.56,19.0
1727289658761,161.5603,50.0
1727289658761,161.57,100.0
1727289658762,161.56,1.0
1727289658760,161.57,100.0
1727289658760,161.57,70.0
1727289658761,161.57,1.0
1727289658761,161.57,1.0
1727289658761,161.57,1.0
1727289658761,161.57,1.0
1727289658761,161.57,100.0
1727289658761,161.56,23.0
1727289658761,161.56,23.0
1727289658761,161.56,38.0
1727289658761,161.56,1.0
1727289658761,161.56,1.0
1727289658761,161.56,50.0
1727289658761,161.56,32.0
1727289658761,161.57,10.0
1727289658761,161.56,100.0
1727289658761,161.56,19.0
1727289658761,161.5603,50.0
1727289658761,161.57,100.0
1727289658762,161.56,1.0
1727289658963,161.57,46.0
1727289659199,161.56,100.0
1727289659199,161.56,100.0
1727289659199,161.56,300.0
1727289659199,161.56,100.0
1727289659200,161.56,30.0
1727289659200,161.56,10.0
1727289659200,161.56,10.0
1727289659201,161.56,100.0
1727289659199,161.56,100.0
1727289659199,161.56,100.0
1727289659199,161.56,300.0
1727289659199,161.56,100.0
1727289659200,161.56,30.0
1727289659200,161.56,10.0
1727289659200,161.56,10.0
1727289659201,161.56,100.0
1727289660014,161.58,10.0
1727289660014,161.58,50.0
1727289660014,161.58,20.0
1727289660014,161.58,100.0
1727289660014,161.58,11.0
1727289660014,161.58,100.0
1727289660014,161.58,9.0
1727289660014,161.58,100.0
1727289660014,161.58,100.0
1727289660015,161.58,10.0
1727289660014,161.58,10.0
1727289660014,161.58,50.0
1727289660014,161.58,20.0
1727289660014,161.58,100.0
1727289660014,161.58,11.0
1727289660014,161.58,100.0
1727289660014,161.58,9.0
1727289660014,161.58,100.0
1727289660014,161.58,100.0
1727289660015,161.58,10.0
1727289659837,161.58,11.0
1727289659837,161.58,11.0
1727289659869,161.5792,6.0
1727289659869,161.5792,6.0
1727289660451,161.59,100.0
1727289660451,161.59,100.0
1727289660654,161.585,60.0
1727289660657,161.5701,190.0
1727289660654,161.585,60.0
1727289660657,161.5701,190.0
1727289662217,161.565,60.0
1727289662217,161.565,60.0
1727289661559,161.58,2.0
1727289661559,161.58,7.0
1727289661559,161.58,3.0
1727289661559,161.58,2.0
1727289661559,161.58,7.0
1727289661559,161.58,3.0
1727289662379,161.5698,2800.0
1727289662380,161.5684,62.0
1727289662379,161.5698,2800.0
1727289662380,161.5684,62.0
1727289661714,161.57,10.0
1727289661714,161.56,100.0
1727289661714,161.56,50.0
1727289661714,161.56,100.0
1727289661714,161.56,20.0
1727289661714,161.56,100.0
1727289661714,161.56,100.0
1727289661714,161.56,20.0
1727289661714,161.56,100.0
1727289661714,161.57,10.0
1727289661714,161.56,100.0
1727289661714,161.56,50.0
1727289661714,161.56,100.0
1727289661714,161.56,20.0
1727289661714,161.56,100.0
1727289661714,161.56,100.0
1727289661714,161.56,20.0
1727289661714,161.56,100.0
1727289661791,161.565,5.0
1727289661791,161.565,5.0
1727289662524,161.565,5.0
1727289662524,161.565,1.0
1727289662524,161.565,5.0
1727289662524,161.565,1.0
1727289663219,161.55,1.0
1727289663222,161.56,20.0
1727289663222,161.55,50.0
1727289663222,161.55,100.0
1727289663222,161.55,25.0
1727289663222,161.55,100.0
1727289663222,161.55,5.0
1727289663222,161.55,100.0
1727289663223,161.55,10.0
1727289663223,161.55,10.0
1727289663223,161.55,20.0
1727289663223,161.55,80.0
1727289663223,161.55,100.0
1727289663225,161.555,88.0
1727289663219,161.55,1.0
1727289663222,161.56,20.0
1727289663222,161.55,50.0
1727289663222,161.55,100.0
1727289663222,161.55,25.0
1727289663222,161.55,100.0
1727289663222,161.55,5.0
1727289663222,161.55,100.0
1727289663223,161.55,10.0
1727289663223,161.55,10.0
1727289663223,161.55,20.0
1727289663223,161.55,80.0
1727289663223,161.55,100.0
1727289663225,161.555,88.0
1727289663311,161.56,20.0
1727289663311,161.56,38.0
1727289663311,161.56,62.0
1727289663311,161.56,20.0
1727289663311,161.56,38.0
1727289663311,161.56,62.0
1727289663454,161.5699,5.0
1727289663454,161.5699,5.0
1727289663470,161.55,1.0
1727289663471,161.55,6.0
1727289663472,161.56,1.0
1727289663472,161.56,12.0
1727289663472,161.56,23.0
1727289663472,161.55,15.0
1727289663472,161.55,5.0
1727289663472,161.55,100.0
1727289663472,161.55,50.0
1727289663472,161.55,94.0
1727289663473,161.55,62.0
1727289663473,161.55,10.0
1727289663476,161.55,100.0
1727289663470,161.55,1.0
1727289663471,161.55,6.0
1727289663472,161.56,1.0
1727289663472,161.56,12.0
1727289663472,161.56,23.0
1727289663472,161.55,15.0
1727289663472,161.55,5.0
1727289663472,161.55,100.0
1727289663472,161.55,50.0
1727289663472,161.55,94.0
1727289663473,161.55,62.0
1727289663473,161.55,10.0
1727289663476,161.55,100.0
1727289663874,161.56,8.0
1727289663874,161.56,8.0
1727289663923,161.5591,20.0
1727289663923,161.5591,20.0
1727289664531,161.57,1.0
1727289664531,161.57,1.0
1727289664673,161.555,2.0
1727289664673,161.555,2.0
1727289666034,161.54,1.0
1727289666034,161.54,1.0
1727289666043,161.56,10.0
1727289666043,161.56,43.0
1727289666043,161.56,10.0
1727289666043,161.56,43.0
1727289666466,161.5589,10.0
1727289666466,161.5589,10.0
1727289667557,161.5602,12.0
1727289667557,161.5602,12.0
1727289666638,161.555,200.0
1727289666638,161.555,200.0
1727289667894,161.565,10.0
1727289667894,161.565,10.0
1727289667272,161.555,39.0
1727289667272,161.555,39.0
1727289667409,161.56,50.0
1727289667410,161.56,1.0
1727289667410,161.56,1.0
1727289667414,161.565,100.0
1727289667409,161.56,50.0
1727289667410,161.56,1.0
1727289667410,161.56,1.0
1727289667414,161.565,100.0
1727289668144,161.57,10.0
1727289668144,161.57,10.0
1727289669039,161.565,1.0
1727289669039,161.565,1.0
1727289669379,161.5688,5.0
1727289669379,161.5688,5.0
1727289670385,161.5634,15.0
1727289670385,161.5634,15.0
1727289670865,161.6234,19.0
1727289670865,161.6234,19.0
1727289671196,161.565,25.0
1727289671196,161.565,25.0
1727289671505,161.5612,1.0
1727289671505,161.5612,1.0
1727289671538,161.57,40.0
1727289671539,161.57,25.0
1727289671539,161.57,2.0
1727289671539,161.57,2.0
1727289671543,161.57,2.0
1727289671546,161.575,19.0
1727289671538,161.57,40.0
1727289671539,161.57,25.0
1727289671539,161.57,2.0
1727289671539,161.57,2.0
1727289671543,161.57,2.0
1727289671546,161.575,19.0
1727289672129,161.58,100.0
1727289672129,161.58,100.0
1727289672619,161.58,100.0
1727289672619,161.58,100.0
1727289672840,161.5799,10.0
1727289672840,161.5799,10.0
1727289673541,161.5733,1.0
1727289673541,161.5733,1.0
1727289675074,161.5712,1.0
1727289675074,161.5712,1.0
1727289675126,161.5763,33.0
1727289675126,161.5763,33.0
1727289675608,161.57,100.0
1727289675608,161.57,100.0
1727289675608,161.57,2.0
1727289675608,161.57,1.0
1727289675608,161.57,20.0
1727289675608,161.57,1.0
1727289675608,161.57,1.0
1727289675608,161.57,1.0
1727289675608,161.57,22.0
1727289675608,161.57,13.0
1727289675608,161.57,10.0
1727289675608,161.57,23.0
1727289675608,161.57,1.0
1727289675608,161.57,1.0
1727289675608,161.57,10.0
1727289675608,161.57,100.0
1727289675614,161.56,123.0
1727289675614,161.56,1.0
1727289675614,161.56,33.0
1727289675614,161.555,11.0
1727289675608,161.57,100.0
1727289675608,161.57,1.0
1727289675608,161.57,2.0
1727289675608,161.57,20.0
1727289675608,161.57,1.0
1727289675608,161.57,1.0
1727289675608,161.57,1.0
1727289675608,161.57,22.0
1727289675608,161.57,13.0
1727289675608,161.57,10.0
1727289675608,161.57,23.0
1727289675608,161.57,1.0
1727289675608,161.57,1.0
1727289675608,161.57,10.0
1727289675614,161.56,123.0
1727289675614,161.56,1.0
1727289675614,161.56,33.0
1727289675614,161.555,11.0
1727289675913,161.56,10.0
1727289675913,161.56,10.0
1727289676282,161.55,3.0
1727289676282,161.55,100.0
1727289676282,161.55,97.0
1727289676283,161.55,60.0
1727289676283,161.55,40.0
1727289676283,161.55,10.0
1727289676284,161.55,10.0
1727289676284,161.55,90.0
1727289676282,161.55,3.0
1727289676282,161.55,100.0
1727289676282,161.55,97.0
1727289676283,161.55,60.0
1727289676283,161.55,40.0
1727289676283,161.55,10.0
1727289676284,161.55,10.0
1727289676284,161.55,90.0
1727289677115,161.5688,1.0
1727289677115,161.5688,1.0
1727289676856,161.5699,500.0
1727289676856,161.5699,500.0
1727289677329,161.5519,30.0
1727289677329,161.5519,30.0
1727289677347,161.5699,1.0
1727289677347,161.5699,1.0
1727289677441,161.56,200.0
1727289677441,161.56,200.0
1727289678225,161.56,15.0
1727289678225,161.56,15.0
1727289678716,161.5643,4.0
1727289678716,161.5643,4.0
1727289679358,161.56,13.0
1727289679358,161.56,13.0
1727289680380,161.555,43.0
1727289682537,161.575,100.0
1727289682537,161.575,100.0
1727289682208,161.57,14.0
1727289682208,161.57,14.0
1727289745037,161.57,4.0
1727289745037,161.57,4.0
1727289746398,161.5737,1.0
1727289746398,161.5737,1.0
1727289746524,161.58,3.0
1727289746524,161.58,1.0
1727289746524,161.58,100.0
1727289746524,161.58,20.0
1727289746524,161.58,32.0
1727289746524,161.58,50.0
1727289746524,161.58,100.0
1727289746524,161.58,20.0
1727289746524,161.58,100.0
1727289746524,161.58,100.0
1727289746524,161.58,100.0
1727289746524,161.58,7.0
1727289746524,161.58,10.0
1727289746524,161.58,4.0
1727289746524,161.58,3.0
1727289746524,161.58,1.0
1727289746524,161.58,100.0
1727289746524,161.58,20.0
1727289746524,161.58,32.0
1727289746524,161.58,50.0
1727289746524,161.58,100.0
1727289746524,161.58,20.0
1727289746524,161.58,100.0
1727289746524,161.58,100.0
1727289746524,161.58,100.0
1727289746524,161.58,7.0
1727289746524,161.58,10.0
1727289746524,161.58,4.0
1727289746764,161.59,101.0
1727289746764,161.59,101.0
1727289746864,161.59,10.0
1727289746864,161.59,10.0
1727289746881,161.59,90.0
1727289746881,161.59,6.0
1727289746881,161.59,4.0
1727289746881,161.59,90.0
1727289746881,161.59,6.0
1727289746881,161.59,4.0
1727289746967,161.59,101.0
1727289746967,161.59,101.0
1727289747059,161.58,101.0
1727289747059,161.58,101.0
1727289747363,161.59,1.0
1727289747363,161.59,6.0
1727289747363,161.59,50.0
1727289747363,161.59,44.0
1727289747363,161.59,1.0
1727289747363,161.59,6.0
1727289747363,161.59,50.0
1727289747363,161.59,44.0
1727289747461,161.59,2.0
1727289747463,161.59,5.0
1727289747463,161.59,20.0
1727289747463,161.59,50.0
1727289747463,161.59,25.0
1727289747464,161.59,1.0
1727289747464,161.59,25.0
1727289747464,161.59,20.0
1727289747464,161.59,100.0
1727289747464,161.59,20.0
1727289747465,161.59,4.0
1727289747461,161.59,2.0
1727289747463,161.59,5.0
1727289747565,161.58,52.0
1727289747463,161.59,20.0
1727289747463,161.59,50.0
1727289747463,161.59,25.0
1727289747565,161.58,1.0
1727289747464,161.59,1.0
1727289747477,161.59,10.0
1727289747565,161.58,48.0
1727289747464,161.59,25.0
1727289747464,161.59,20.0
1727289747464,161.59,100.0
1727289747464,161.59,20.0
1727289747465,161.59,4.0
1727289747477,161.59,10.0
1727289747664,161.58,59.0
1727289747665,161.58,42.0
1727289747664,161.58,59.0
1727289747665,161.58,42.0
1727289747507,161.59,7.0
1727289747764,161.58,41.0
1727289747764,161.58,50.0
1727289747764,161.58,9.0
1727289747764,161.58,41.0
1727289747764,161.58,50.0
1727289747764,161.58,9.0
1727289747507,161.59,7.0
1727289747563,161.58,10.0
1727289747563,161.58,20.0
1727289747563,161.57,20.0
1727289747563,161.57,25.0
1727289747563,161.57,13.0
1727289747563,161.58,10.0
1727289747563,161.5725,50.0
1727289747565,161.58,52.0
1727289747565,161.58,1.0
1727289747565,161.58,48.0
1727289747563,161.58,10.0
1727289747563,161.58,20.0
1727289747563,161.57,20.0
1727289747563,161.57,25.0
1727289747563,161.57,13.0
1727289747563,161.58,10.0
1727289747563,161.5725,50.0
1727289747864,161.58,26.0
1727289747864,161.58,74.0
1727289747864,161.58,1.0
1727289747864,161.58,26.0
1727289747864,161.58,74.0
1727289747864,161.58,1.0
1727289747877,161.58,100.0
1727289747877,161.58,100.0
1727289747932,161.589,100.0
1727289747932,161.589,100.0
1727289748364,161.59,21.0
1727289748364,161.59,15.0
1727289748365,161.59,24.0
1727289748368,161.58,1.0
1727289748364,161.59,21.0
1727289748364,161.59,15.0
1727289748365,161.59,24.0
1727289748368,161.58,1.0
1727289748431,161.582,147.0
1727289748431,161.582,147.0
1727289748464,161.58,1.0
1727289748464,161.58,1.0
1727289748538,161.575,40.0
1727289748538,161.575,40.0
1727289748564,161.58,50.0
1727289748564,161.58,20.0
1727289748564,161.58,30.0
1727289748564,161.58,1.0
1727289748564,161.58,50.0
1727289748564,161.58,20.0
1727289748564,161.58,30.0
1727289748564,161.58,1.0
1727289749053,161.575,100.0
1727289749053,161.575,100.0
1727289749066,161.5788,1.0
1727289749066,161.5788,1.0
1727289750080,161.575,1.0
1727289750080,161.575,1.0
1727289750121,161.575,100.0
1727289750121,161.575,100.0
1727289750274,161.58,50.0
1727289750274,161.58,50.0
1727289750294,161.58,50.0
1727289750294,161.58,20.0
1727289750294,161.58,29.0
1727289750294,161.58,1.0
1727289750294,161.58,50.0
1727289750294,161.58,20.0
1727289750294,161.58,29.0
1727289750294,161.58,1.0
1727289751962,161.58,200.0
1727289751966,161.57,91.0
1727289751962,161.58,200.0
1727289751966,161.57,91.0
1727289752055,161.58,1.0
1727289752055,161.58,19.0
1727289752055,161.58,1.0
1727289752055,161.58,19.0
1727289752781,161.58,1.0
1727289752781,161.58,10.0
1727289752781,161.58,34.0
1727289752783,161.585,100.0
1727289752781,161.58,1.0
1727289752781,161.58,10.0
1727289752781,161.58,34.0
1727289752783,161.585,100.0
1727289753412,161.58,25.0
1727289753412,161.58,25.0
1727289754770,161.585,1.0
1727289754770,161.585,1.0
1727289754232,161.57,1.0
1727289754232,161.57,1.0
1727289755109,161.59,1.0
1727289755110,161.59,40.0
1727289755109,161.59,1.0
1727289755110,161.59,40.0
1727289755133,161.595,100.0
1727289755133,161.595,100.0
1727289755211,161.595,100.0
1727289755211,161.595,100.0
1727289755375,161.59,15.0
1727289755375,161.59,85.0
1727289755375,161.59,8.0
1727289755375,161.59,15.0
1727289755375,161.59,85.0
1727289755375,161.59,8.0
1727289755685,161.589,1.0
1727289755685,161.589,1.0
1727289756167,161.5899,15.0
1727289756167,161.5899,15.0
1727289757837,161.59,27.0
1727289757837,161.59,27.0
1727289758782,161.6036,60.0
1727289758782,161.6036,60.0
1727289759281,161.585,140.0
1727289759281,161.585,140.0
1727289759777,161.59,3.0
1727289759777,161.59,3.0
1727289760460,161.5844,3.0
1727289760460,161.5844,3.0
1727289760500,161.59,43.0
1727289760500,161.59,43.0
1727289760802,161.5888,1.0
1727289760802,161.5888,1.0
1727289761052,161.585,1.0
1727289761052,161.585,1.0
1727289761274,161.589,62.0
1727289761274,161.589,62.0
1727289761191,161.585,176.0
1727289761191,161.585,176.0
1727289761605,161.588,1.0
1727289761605,161.588,1.0
1727289761635,161.585,100.0
1727289761635,161.585,100.0
1727289761635,161.585,100.0
1727289761635,161.585,100.0
1727289761683,161.58,100.0
1727289761683,161.58,2.0
1727289761683,161.58,10.0
1727289761684,161.58,10.0
1727289761684,161.58,185.0
1727289761684,161.58,100.0
1727289761684,161.58,10.0
1727289761683,161.58,100.0
1727289761683,161.58,2.0
1727289761683,161.58,10.0
1727289761684,161.58,10.0
1727289761684,161.58,185.0
1727289761684,161.58,100.0
1727289761684,161.58,10.0
1727289761696,161.575,4.0
1727289761697,161.575,100.0
1727289761696,161.575,4.0
1727289761697,161.575,100.0
1727289761736,161.575,100.0
1727289761736,161.575,100.0
1727289762540,161.57,5.0
1727289762540,161.57,5.0
1727289763800,161.58,20.0
1727289763800,161.58,1.0
1727289763803,161.59,100.0
1727289763800,161.58,20.0
1727289763800,161.58,1.0
1727289763803,161.59,100.0
1727289763920,161.58,20.0
1727289763920,161.58,50.0
1727289763920,161.58,100.0
1727289763920,161.58,20.0
1727289763920,161.58,10.0
1727289763920,161.58,40.0
1727289763920,161.58,100.0
1727289763920,161.58,60.0
1727289763920,161.5825,50.0
1727289763920,161.58,100.0
1727289763921,161.585,124.0
1727289763921,161.58,20.0
1727289763920,161.58,20.0
1727289763920,161.58,50.0
1727289763931,161.58,100.0
1727289763920,161.58,100.0
1727289763920,161.58,20.0
1727289763920,161.58,10.0
1727289763920,161.58,40.0
1727289763920,161.58,100.0
1727289763920,161.58,60.0
1727289763920,161.5825,50.0
1727289763920,161.58,100.0
1727289763921,161.585,124.0
1727289763921,161.58,20.0
1727289763931,161.58,100.0
1727289764586,161.5645,1.0
1727289764586,161.5645,1.0
1727289765425,161.57,1.0
1727289765427,161.57,20.0
1727289765427,161.57,100.0
1727289765427,161.57,1.0
1727289765427,161.57,20.0
1727289765427,161.57,20.0
1727289765427,161.57,50.0
1727289765427,161.57,69.0
1727289765427,161.57,20.0
1727289765428,161.57,100.0
1727289765425,161.57,1.0
1727289765427,161.57,20.0
1727289765427,161.57,100.0
1727289765427,161.57,1.0
1727289765427,161.57,20.0
1727289765427,161.57,20.0
1727289765427,161.57,50.0
1727289765427,161.57,69.0
1727289765427,161.57,20.0
1727289765428,161.57,100.0
1727289765674,161.56,1.0
1727289765677,161.56,25.0
1727289765677,161.56,50.0
1727289765677,161.56,20.0
1727289765677,161.56,20.0
1727289765677,161.56,85.0
1727289765674,161.56,1.0
1727289765679,161.56,100.0
1727289765677,161.56,25.0
1727289765677,161.56,50.0
1727289765677,161.56,20.0
1727289765677,161.56,20.0
1727289765677,161.56,85.0
1727289765679,161.56,100.0
1727289765780,161.5699,1.0
1727289765780,161.5699,1.0
1727289765813,161.5699,18.0
1727289765813,161.5699,18.0
1727289765857,161.57,100.0
1727289765857,161.57,100.0
1727289765925,161.56,150.0
1727289765928,161.57,30.0
1727289765928,161.56,26.0
1727289765928,161.56,100.0
1727289765928,161.56,10.0
1727289765928,161.56,64.0
1727289765928,161.56,100.0
1727289765928,161.56,10.0
1727289765928,161.56,20.0
1727289765928,161.57,20.0
1727289765929,161.56,1.0
1727289765929,161.56,34.0
1727289765930,161.56,100.0
1727289765930,161.56,11.0
1727289765925,161.56,150.0
1727289765928,161.57,30.0
1727289765928,161.56,26.0
1727289765928,161.56,100.0
1727289765928,161.56,10.0
1727289765928,161.56,64.0
1727289765928,161.56,100.0
1727289765928,161.56,10.0
1727289765928,161.56,20.0
1727289765928,161.57,20.0
1727289765929,161.56,1.0
1727289765929,161.56,34.0
1727289765930,161.56,100.0
1727289765930,161.56,11.0
1727289767004,161.565,5.0
1727289767004,161.565,5.0
1727289767181,161.565,3.0
1727289767181,161.565,3.0
1727289767325,161.5699,1.0
1727289767325,161.5699,1.0
1727289767419,161.565,25.0
1727289767356,161.57,1.0
1727289767356,161.57,1.0
1727289767419,161.565,25.0
1727289767497,161.57,1.0
1727289767500,161.575,100.0
1727289767497,161.57,1.0
1727289767500,161.575,100.0
1727289767575,161.57,1.0
1727289767575,161.57,1.0
1727289767684,161.56,50.0
1727289767684,161.56,100.0
1727289767684,161.56,20.0
1727289767684,161.56,1.0
1727289767684,161.56,200.0
1727289767684,161.56,100.0
1727289767684,161.56,29.0
1727289767685,161.56,100.0
1727289767685,161.56,1.0
1727289767685,161.56,100.0
1727289767685,161.56,200.0
1727289767687,161.56,100.0
1727289767684,161.56,50.0
1727289767684,161.56,100.0
1727289767684,161.56,20.0
1727289767684,161.56,1.0
1727289767684,161.56,200.0
1727289767684,161.56,100.0
1727289767684,161.56,29.0
1727289767685,161.56,100.0
1727289767685,161.56,1.0
1727289767685,161.56,100.0
1727289767685,161.56,200.0
1727289768438,161.54,1.0
1727289767687,161.56,100.0
1727289768441,161.55,15.0
1727289768441,161.54,200.0
1727289768441,161.54,50.0
1727289768441,161.54,100.0
1727289768441,161.54,20.0
1727289768441,161.54,53.0
1727289768441,161.54,26.0
1727289768441,161.54,20.0
1727289768441,161.54,45.0
1727289768441,161.54,34.0
1727289768441,161.54,30.0
1727289768441,161.55,1.0
1727289768441,161.54,100.0
1727289768441,161.5604,50.0
1727289768438,161.54,1.0
1727289768441,161.55,15.0
1727289768441,161.54,200.0
1727289768441,161.54,50.0
1727289768441,161.54,100.0
1727289768441,161.54,20.0
1727289768441,161.54,53.0
1727289768441,161.54,26.0
1727289768441,161.54,20.0
1727289768441,161.54,45.0
1727289768441,161.54,34.0
1727289768441,161.54,30.0
1727289768441,161.55,1.0
1727289768441,161.54,100.0
1727289768441,161.5604,50.0
1727289767799,161.565,40.0
1727289767799,161.565,40.0
1727289768188,161.55,1.0
1727289768190,161.55,25.0
1727289768190,161.55,50.0
1727289768190,161.55,20.0
1727289768190,161.55,100.0
1727289768190,161.55,20.0
1727289768190,161.55,85.0
1727289768191,161.55,100.0
1727289768191,161.55,11.0
1727289768191,161.55,42.0
1727289768191,161.55,47.0
1727289768191,161.56,15.0
1727289768191,161.56,38.0
1727289768191,161.55,90.0
1727289768193,161.55,1.0
1727289768188,161.55,1.0
1727289768190,161.55,25.0
1727289768190,161.55,50.0
1727289768190,161.55,20.0
1727289768190,161.55,100.0
1727289768190,161.55,20.0
1727289768190,161.55,85.0
1727289768191,161.55,100.0
1727289768191,161.55,11.0
1727289768191,161.55,42.0
1727289768191,161.55,47.0
1727289768191,161.56,15.0
1727289768191,161.56,38.0
1727289768191,161.55,90.0
1727289768193,161.55,1.0
1727289769413,161.55,20.0
1727289769413,161.55,5.0
1727289769413,161.55,20.0
1727289769413,161.55,20.0
1727289769413,161.55,5.0
1727289769413,161.55,20.0
1727289769835,161.55,15.0
1727289769835,161.55,15.0
1727289770949,161.5885,34.0
1727289770950,161.54,100.0
1727289770950,161.54,200.0
1727289770950,161.54,50.0
1727289770950,161.54,1.0
1727289770950,161.54,49.0
1727289770951,161.54,10.0
1727289770951,161.54,90.0
1727289770949,161.5885,34.0
1727289770950,161.54,100.0
1727289770950,161.54,200.0
1727289770950,161.54,50.0
1727289770950,161.54,1.0
1727289770950,161.54,49.0
1727289770951,161.54,10.0
1727289770951,161.54,90.0
1727289771114,161.55,3.0
1727289771114,161.55,3.0
1727289771484,161.545,3.0
1727289771484,161.545,3.0
1727289772085,161.6435,100.0
1727289772085,161.6435,100.0
1727289772413,161.545,100.0
1727289772413,161.545,100.0
1727289773783,161.545,1.0
1727289773783,161.545,1.0
1727289773797,161.55,100.0
1727289773797,161.55,100.0
1727289774185,161.5545,150.0
1727289774185,161.5545,150.0
1727289774214,161.54,100.0
1727289774214,161.54,10.0
1727289774214,161.54,50.0
1727289774214,161.54,140.0
1727289774215,161.54,100.0
1727289774215,161.54,100.0
1727289774215,161.55,30.0
1727289774216,161.54,100.0
1727289774214,161.54,100.0
1727289774214,161.54,10.0
1727289774214,161.54,50.0
1727289774214,161.54,140.0
1727289774215,161.54,100.0
1727289774215,161.54,100.0
1727289774215,161.55,30.0
1727289774216,161.54,100.0
1727289775308,161.55,3.0
1727289775308,161.55,3.0
1727289775409,161.55,10.0
1727289775409,161.55,10.0
1727289775484,161.5534,200.0
1727289775484,161.5534,200.0
1727289775545,161.55,1.0
1727289775546,161.55,15.0
1727289775551,161.555,200.0
1727289775553,161.555,100.0
1727289775545,161.55,1.0
1727289775546,161.55,15.0
1727289775551,161.555,200.0
1727289775553,161.555,100.0
1727289775775,161.55,2.0
1727289775775,161.55,2.0
1727289776110,161.5588,1.0
1727289776110,161.5588,1.0
1727289777730,161.55,10.0
1727289777730,161.54,60.0
1727289777730,161.54,100.0
1727289777730,161.54,20.0
1727289777730,161.54,1.0
1727289777730,161.54,100.0
1727289777730,161.54,9.0
1727289777730,161.54,30.0
1727289777730,161.54,70.0
1727289777730,161.54,200.0
1727289777730,161.54,100.0
1727289777731,161.54,5.0
1727289777731,161.535,2.0
1727289777730,161.55,10.0
1727289777730,161.54,60.0
1727289777730,161.54,100.0
1727289777730,161.54,20.0
1727289777730,161.54,1.0
1727289777730,161.54,100.0
1727289777730,161.54,9.0
1727289777730,161.54,30.0
1727289777730,161.54,70.0
1727289777730,161.54,200.0
1727289777730,161.54,100.0
1727289777731,161.54,5.0
1727289777731,161.535,2.0
1727289777810,161.54,93.0
1727289777810,161.54,93.0
1727289778074,161.54,9.0
1727289778074,161.54,9.0
1727289778513,161.55,9.0
1727289778513,161.55,9.0
1727289778536,161.55,1.0
1727289778536,161.55,1.0
1727289778734,161.54,1.0
1727289778736,161.54,1.0
1727289778736,161.54,10.0
1727289778736,161.54,10.0
1727289778736,161.54,100.0
1727289778736,161.54,9.0
1727289778736,161.54,100.0
1727289778736,161.54,70.0
1727289778736,161.55,8.0
1727289778736,161.54,100.0
1727289778737,161.54,100.0
1727289778734,161.54,1.0
1727289778736,161.54,1.0
1727289778736,161.54,10.0
1727289778736,161.54,10.0
1727289778736,161.54,100.0
1727289778736,161.54,9.0
1727289778736,161.54,100.0
1727289778736,161.54,70.0
1727289778736,161.55,8.0
1727289778736,161.54,100.0
1727289778737,161.54,100.0
1727289779101,161.54,22.0
1727289779101,161.54,22.0
1727289779236,161.53,1.0
1727289779239,161.53,20.0
1727289779239,161.53,30.0
1727289779239,161.53,100.0
1727289779239,161.53,50.0
1727289779239,161.53,100.0
1727289779239,161.54,5.0
1727289779239,161.53,20.0
1727289779239,161.53,80.0
1727289779242,161.53,37.0
1727289779236,161.53,1.0
1727289779239,161.53,20.0
1727289779239,161.53,30.0
1727289779239,161.53,100.0
1727289779239,161.53,50.0
1727289779239,161.53,100.0
1727289779239,161.54,5.0
1727289779239,161.53,20.0
1727289779239,161.53,80.0
1727289779242,161.53,37.0
1727289779282,161.54,1.0
1727289779282,161.54,1.0
1727289779308,161.54,92.0
1727289779308,161.54,92.0
1727289779601,161.535,100.0
1727289779601,161.535,100.0
1727289780335,161.54,31.0
1727289780335,161.54,31.0
1727289780701,161.54,1.0
1727289780701,161.54,1.0
1727289780994,161.54,15.0
1727289780994,161.54,85.0
1727289780994,161.55,1.0
1727289780994,161.55,50.0
1727289780994,161.55,25.0
1727289780994,161.55,100.0
1727289780994,161.55,33.0
1727289780994,161.54,15.0
1727289780994,161.542,50.0
1727289780995,161.55,15.0
1727289780995,161.555,100.0
1727289780994,161.54,15.0
1727289781006,161.56,10.0
1727289780994,161.54,85.0
1727289780994,161.55,1.0
1727289780994,161.55,50.0
1727289780994,161.55,25.0
1727289780994,161.55,100.0
1727289780994,161.55,33.0
1727289780994,161.54,15.0
1727289780994,161.542,50.0
1727289780995,161.55,15.0
1727289780995,161.555,100.0
1727289781006,161.56,10.0
1727289781498,161.54,1.0
1727289781501,161.55,1.0
1727289781501,161.54,100.0
1727289781501,161.54,15.0
1727289781501,161.54,85.0
1727289781502,161.54,20.0
1727289781498,161.54,1.0
1727289781501,161.55,1.0
1727289781501,161.54,100.0
1727289781501,161.54,15.0
1727289781501,161.54,85.0
1727289781514,161.55,100.0
1727289781502,161.54,20.0
1727289781514,161.55,100.0
1727289782478,161.54,1.0
1727289782478,161.54,1.0
1727289782508,161.64,100.0
1727289782508,161.64,100.0
1727289783172,161.55,99.0
1727289783172,161.55,99.0
1727289783239,161.5499,1.0
1727289783239,161.5499,1.0
1727289783254,161.54,1.0
1727289783256,161.54,200.0
1727289783257,161.54,10.0
1727289783257,161.54,190.0
1727289783254,161.54,1.0
1727289783263,161.545,100.0
1727289783256,161.54,200.0
1727289783257,161.54,10.0
1727289783257,161.54,190.0
1727289783263,161.545,100.0
1727289784180,161.545,3.0
1727289784180,161.545,3.0
1727289784267,161.5488,1.0
1727289784267,161.5488,1.0
1727289784482,161.545,1.0
1727289784482,161.545,1.0
1727289785398,161.545,1.0
1727289785398,161.545,1.0
1727289785773,161.55,100.0
1727289785773,161.55,100.0
1727289785810,161.55,1.0
1727289785810,161.55,1.0
1727289785810,161.55,1.0
1727289785810,161.55,1.0
1727289785823,161.555,8.0
1727289785823,161.555,100.0
1727289785823,161.555,8.0
1727289785823,161.555,100.0
1727289785851,161.5524,2.0
1727289785851,161.5524,2.0
1727289785932,161.555,2.0
1727289785932,161.555,2.0
1727289786183,161.555,10.0
1727289786185,161.555,100.0
1727289786183,161.555,10.0
1727289786185,161.555,100.0
1727289787134,161.5588,1.0
1727289787134,161.5588,1.0
1727289787940,161.55,100.0
1727289787940,161.55,1.0
1727289787941,161.54,131.0
1727289787941,161.55,100.0
1727289787941,161.55,20.0
1727289787941,161.55,3.0
1727289787941,161.54,69.0
1727289787941,161.54,10.0
1727289787941,161.54,20.0
1727289787941,161.53,68.0
1727289787941,161.55,10.0
1727289787941,161.55,80.0
1727289787941,161.54,10.0
1727289787941,161.54,13.0
1727289787941,161.55,1.0
1727289787941,161.54,7.0
1727289787941,161.54,5.0
1727289787941,161.53,1.0
1727289787942,161.53,32.0
1727289787942,161.53,68.0
1727289787942,161.53,32.0
1727289787942,161.53,20.0
1727289787942,161.53,10.0
1727289787942,161.53,1.0
1727289787942,161.53,4.0
1727289787942,161.52,20.0
1727289787942,161.52,3.0
1727289787942,161.52,77.0
1727289788667,161.54,65.0
1727289787940,161.55,100.0
1727289787940,161.55,1.0
1727289787941,161.54,131.0
1727289787941,161.55,100.0
1727289787941,161.55,20.0
1727289787941,161.55,3.0
1727289787941,161.54,69.0
1727289787941,161.54,10.0
1727289787941,161.54,20.0
1727289787941,161.53,68.0
1727289787941,161.55,10.0
1727289787941,161.55,80.0
1727289787941,161.54,10.0
1727289788667,161.54,65.0
1727289787941,161.54,13.0
1727289787941,161.55,1.0
1727289787941,161.54,7.0
1727289787941,161.54,5.0
1727289787941,161.53,1.0
1727289787942,161.53,32.0
1727289787942,161.53,68.0
1727289787942,161.53,32.0
1727289787942,161.53,20.0
1727289787942,161.53,10.0
1727289787942,161.53,1.0
1727289787942,161.53,4.0
1727289787942,161.52,20.0
1727289787942,161.52,3.0
1727289787942,161.52,77.0
1727289787975,161.53,90.0
1727289787975,161.54,25.0
1727289787975,161.54,100.0
1727289787975,161.54,100.0
1727289787976,161.54,100.0
1727289787976,161.54,49.0
1727289787976,161.54,51.0
1727289787981,161.535,200.0
1727289787975,161.53,90.0
1727289787975,161.54,25.0
1727289787975,161.54,100.0
1727289787975,161.54,100.0
1727289787976,161.54,100.0
1727289787976,161.54,49.0
1727289787976,161.54,51.0
1727289787981,161.535,200.0
1727289788481,161.55,25.0
1727289788481,161.55,25.0
1727289788816,161.5498,6.0
1727289788816,161.5498,6.0
1727289789369,161.5498,1.0
1727289789369,161.5498,1.0
1727289790206,161.55,1.0
1727289790206,161.55,1.0
1727289790390,161.5602,4.0
1727289790390,161.5602,4.0
1727289791393,161.55,10.0
1727289791393,161.55,10.0
1727289791479,161.55,1.0
1727289791479,161.55,1.0
1727289791749,161.55,76.0
1727289791749,161.55,76.0
1727289792159,161.56,17.0
1727289792159,161.56,11.0
1727289792159,161.56,14.0
1727289792159,161.56,100.0
1727289792159,161.56,50.0
1727289792159,161.56,20.0
1727289792160,161.55,10.0
1727289792160,161.56,10.0
1727289792160,161.56,20.0
1727289792160,161.56,1.0
1727289792160,161.56,100.0
1727289792160,161.56,7.0
1727289792160,161.56,100.0
1727289792161,161.5456,50.0
1727289792169,161.57,90.0
1727289792159,161.56,17.0
1727289792159,161.56,11.0
1727289792159,161.56,14.0
1727289792170,161.56,10.0
1727289792159,161.56,100.0
1727289792159,161.56,50.0
1727289792159,161.56,20.0
1727289792160,161.55,10.0
1727289792160,161.56,10.0
1727289792160,161.56,20.0
1727289792160,161.56,1.0
1727289792160,161.56,100.0
1727289792160,161.56,100.0
1727289792160,161.56,7.0
1727289792161,161.5456,50.0
1727289792169,161.57,90.0
