timestamp(ms since Epoch),last price,volume
1727288867015,23.57,100.0
1727288867286,23.6,21.0
1727288867406,23.5936,67.0
1727288867413,23.6,39.0
1727288869401,23.6195,200.0
1727288869509,23.6105,500.0
1727288869633,23.614,200.0
1727288870000,23.5708,3.0
1727288870127,23.615,300.0
1727288870436,23.615,126.0
1727288870686,23.5708,100.0
1727288870724,23.615,1.0
1727288870797,23.615,400.0
1727288871021,23.61,5000.0
1727288871021,23.6111,54.0
1727288871216,23.62,1.0
1727288871172,23.6129,500.0
1727288871257,23.615,30.0
1727288871746,23.615,700.0
1727288871868,23.5951,1.0
1727288872074,23.6185,700.0
1727288872155,23.61,100.0
1727288872155,23.61,100.0
1727288872155,23.61,70.0
1727288872155,23.61,3.0
1727288872159,23.615,100.0
1727288872159,23.615,10.0
1727288872583,23.6006,10.0
1727288872654,23.6105,500.0
1727288872766,23.61,42.0
1727288872827,23.613,1800.0
1727288872828,23.61,600.0
1727288872828,23.611,200.0
1727288872828,23.61,100.0
1727288872828,23.61,200.0
1727288872829,23.6128,50.0
1727288872829,23.61,1.0
1727288872829,23.61,19.0
1727288872830,23.611,85.0
1727288872830,23.61,100.0
1727288872830,23.61,415.0
1727288872830,23.61,50.0
1727288872841,23.61,1350.0
1727288872844,23.61,600.0
1727288873625,23.62,200.0
1727288873628,23.62,450.0
1727288873719,23.6194,357.0
1727288873904,23.614,30.0
1727288873915,23.6101,6000.0
1727288873915,23.6111,79.0
1727288873975,23.6105,200.0
1727288874485,23.6105,500.0
1727288874661,23.615,100.0
1727288875002,23.6188,21.0
1727288875331,23.62,1.0
1727288875502,23.617,30.0
1727288875710,23.61,1300.0
1727288875710,23.61,100.0
1727288875710,23.61,300.0
1727288875710,23.61,100.0
1727288875710,23.61,150.0
1727288875710,23.61,26.0
1727288875710,23.61,400.0
1727288875710,23.61,300.0
1727288875710,23.61,100.0
1727288875710,23.61,100.0
1727288875710,23.61,24.0
1727288875710,23.61,76.0
1727288875710,23.61,39.0
1727288875710,23.61,400.0
1727288875710,23.61,100.0
1727288875710,23.61,100.0
1727288875710,23.61,200.0
1727288875710,23.61,100.0
1727288875710,23.61,100.0
1727288875710,23.61,3.0
1727288875710,23.61,2.0
1727288875710,23.61,97.0
1727288875710,23.61,198.0
1727288875710,23.61,22.0
1727288875710,23.61,6.0
1727288875710,23.61,100.0
1727288875710,23.61,54.0
1727288875710,23.61,300.0
1727288875710,23.61,12.0
1727288875710,23.61,400.0
1727288875710,23.61,78.0
1727288875710,23.61,4.0
1727288875710,23.61,300.0
1727288875710,23.61,100.0
1727288875710,23.61,1.0
1727288875710,23.61,10.0
1727288875710,23.61,100.0
1727288875710,23.61,8.0
1727288875710,23.61,300.0
1727288875710,23.61,300.0
1727288875710,23.61,300.0
1727288875711,23.61,1.0
1727288875711,23.61,300.0
1727288875711,23.61,300.0
1727288875727,23.6,100.0
1727288875727,23.6,100.0
1727288875727,23.6,200.0
1727288875727,23.6,1300.0
1727288875727,23.6,85.0
1727288875728,23.6,100.0
1727288875728,23.6,300.0
1727288875728,23.6,300.0
1727288875728,23.6,215.0
1727288875728,23.6,100.0
1727288875728,23.6,300.0
1727288875728,23.6,1.0
1727288875728,23.6,100.0
1727288875728,23.6,100.0
1727288875728,23.6,100.0
1727288875728,23.6,50.0
1727288875728,23.6,2800.0
1727288875728,23.6,2300.0
1727288875728,23.6,100.0
1727288875728,23.6,400.0
1727288875728,23.6,1.0
1727288875728,23.6,1.0
1727288875728,23.6,100.0
1727288875728,23.6084,50.0
1727288875728,23.6,4500.0
1727288875728,23.6,50.0
1727288875728,23.6,30.0
1727288875728,23.6,1.0
1727288875728,23.6,32.0
1727288875728,23.6,87.0
1727288875728,23.6,100.0
1727288875728,23.6,13.0
1727288875728,23.6,20.0
1727288875728,23.6,100.0
1727288875728,23.6,100.0
1727288875728,23.6,100.0
1727288875728,23.6,66.0
1727288875728,23.6,34.0
1727288875728,23.6,100.0
1727288875728,23.6,99.0
1727288875728,23.6,100.0
1727288875728,23.6,133.0
1727288875728,23.6,100.0
1727288875728,23.6,130.0
1727288875729,23.6,60.0
1727288875734,23.6,50.0
1727288875734,23.6,400.0
1727288875734,23.6,48.0
1727288875735,23.6,152.0
1727288875735,23.6,100.0
1727288875735,23.6,76.0
1727288875735,23.6,146.0
1727288875742,23.6,50.0
1727288875742,23.6,50.0
1727288875743,23.6,5.0
1727288875744,23.6,100.0
1727288875744,23.6,26.0
1727288875755,23.6,59.0
1727288875755,23.6,54.0
1727288875757,23.6,200.0
1727288875757,23.6,100.0
1727288875761,23.6,20.0
1727288875767,23.6,2.0
1727288875774,23.6,1.0
1727288875939,23.605,200.0
1727288875969,23.6001,2.0
1727288876447,23.6006,500.0
1727288876495,23.605,2000.0
1727288877106,23.6017,27.0
1727288877249,23.605,19.0
1727288877655,23.605,5.0
1727288877657,23.6,100.0
1727288877664,23.6,10.0
1727288877664,23.6,67.0
1727288877664,23.6,300.0
1727288877664,23.6,100.0
1727288877664,23.6,100.0
1727288877664,23.6,100.0
1727288877664,23.6,49.0
1727288877664,23.6,251.0
1727288877664,23.6,300.0
1727288877664,23.6,300.0
1727288877664,23.6,200.0
1727288877664,23.6,50.0
1727288877664,23.6,46.0
1727288877664,23.6,100.0
1727288877664,23.6,50.0
1727288877664,23.6,300.0
1727288877664,23.6,300.0
1727288877664,23.6,96.0
1727288877664,23.6,30.0
1727288877664,23.6,50.0
1727288877664,23.6,22.0
1727288877664,23.6,28.0
1727288877664,23.6,70.0
1727288877664,23.6,104.0
1727288877664,23.6,400.0
1727288877664,23.6,170.0
1727288877664,23.6,228.0
1727288877664,23.6,300.0
1727288877664,23.6,100.0
1727288877664,23.6,95.0
1727288877664,23.6,202.0
1727288877664,23.6,24.0
1727288877664,23.6,114.0
1727288877664,23.6,2.0
1727288877664,23.6,2.0
1727288877664,23.6,186.0
1727288877664,23.6,5.0
1727288877664,23.6,100.0
1727288877665,23.6012,50.0
1727288877672,23.6,70.0
1727288877679,23.6,21.0
1727288877691,23.6,30.0
1727288877691,23.6,61.0
1727288877698,23.6,11.0
1727288877699,23.6,100.0
1727288877705,23.6,12.0
1727288877711,23.6,1.0
1727288877728,23.6,42.0
1727288878105,23.6083,5000.0
1727288878154,23.605,2.0
1727288878223,23.6031,380.0
1727288878395,23.61,1.0
1727288878679,23.6088,1.0
1727288879146,23.6095,20.0
1727288879187,23.6,100.0
1727288879877,23.605,10.0
1727288880030,23.6,276.0
1727288880030,23.6,159.0
1727288880046,23.6,186.0
1727288880046,23.6,1.0
1727288880046,23.6,153.0
1727288880060,23.6,100.0
1727288880061,23.6,2.0
1727288880069,23.6,27.0
1727288880069,23.6,5.0
1727288880077,23.6,32.0
1727288880086,23.6,8.0
1727288880684,23.605,1.0
1727288880178,23.605,30.0
1727288881001,23.6095,500.0
1727288880483,23.605,500.0
1727288880496,23.605,1000.0
1727288880628,23.6094,500.0
1727288880629,23.6049,50.0
1727288881359,23.6,19.0
1727288881428,23.605,86.0
1727288881431,23.605,64.0
1727288881435,23.607,500.0
1727288881871,23.6095,500.0
1727288881965,23.605,3.0
1727288882144,23.6094,1000.0
1727288882273,23.605,400.0
1727288882282,23.605,100.0
1727288882282,23.605,100.0
1727288882282,23.605,100.0
1727288882282,23.605,100.0
1727288882282,23.605,100.0
1727288882282,23.605,100.0
1727288882282,23.605,100.0
1727288882282,23.605,53.0
1727288882282,23.605,100.0
1727288882282,23.605,100.0
1727288882282,23.605,161.0
1727288882282,23.605,439.0
1727288882282,23.605,300.0
1727288882282,23.605,100.0
1727288882282,23.605,100.0
1727288882282,23.605,100.0
1727288882282,23.605,147.0
1727288882282,23.605,100.0
1727288882282,23.605,100.0
1727288882282,23.605,100.0
1727288882282,23.605,53.0
1727288882282,23.605,47.0
1727288882283,23.605,100.0
1727288882283,23.605,100.0
1727288882283,23.605,100.0
1727288882390,23.605,5.0
1727288882546,23.605,57.0
1727288882755,23.6099,3000.0
1727288882775,23.6049,10.0
1727288882994,23.6088,1.0
1727288883116,23.6,1.0
1727288883296,23.605,1.0
1727288883729,23.605,100.0
1727288884600,23.601,7.0
1727288884621,23.605,100.0
1727288884673,23.605,500.0
1727288884896,23.605,11.0
1727288885008,23.6056,74.0
1727288885133,23.61,100.0
1727288885172,23.6001,7.0
1727288885343,23.6,200.0
1727288885576,23.6,47.0
1727288885576,23.6,4.0
1727288885576,23.6,296.0
1727288885576,23.6,182.0
1727288885576,23.6,100.0
1727288885576,23.6,100.0
1727288885588,23.6,18.0
1727288885588,23.6,44.0
1727288885588,23.6,256.0
1727288885588,23.6,100.0
1727288885588,23.6,44.0
1727288885589,23.6,4.0
1727288885589,23.6,55.0
1727288885589,23.6,50.0
1727288885589,23.6,35.0
1727288885589,23.6,52.0
1727288885589,23.6,1.0
1727288885589,23.6,1.0
1727288885589,23.6,50.0
1727288885589,23.6,300.0
1727288885589,23.6,30.0
1727288885589,23.6,1.0
1727288885589,23.6,4.0
1727288885589,23.6,100.0
1727288885589,23.6,100.0
1727288885589,23.6,4.0
1727288885589,23.6,296.0
1727288885589,23.6,500.0
1727288885600,23.6,50.0
1727288885600,23.6,2.0
1727288885589,23.6,100.0
1727288885624,23.605,5.0
1727288885779,23.6,100.0
1727288885964,23.6099,1.0
1727288886771,23.6,250.0
1727288887290,23.6,2.0
1727288887349,23.6,10.0
1727288887362,23.6,1.0
1727288887362,23.6,33.0
1727288887362,23.6,22.0
1727288887457,23.605,1.0
1727288887475,23.605,3.0
1727288887476,23.61,1.0
1727288887726,23.6041,35.0
1727288887966,23.605,9.0
1727288888138,23.605,800.0
1727288888313,23.6,1.0
1727288888319,23.6,1.0
1727288888449,23.6037,1224.0
1727288888584,23.6,100.0
1727288888595,23.6,10.0
1727288888601,23.6,1.0
1727288888786,23.6083,5000.0
1727288888831,23.605,574.0
1727288888902,23.6,300.0
1727288889033,23.6005,2.0
1727288889043,23.6087,4000.0
1727288889452,23.5888,100.0
1727288889849,23.5746,100.0
1727288890370,23.605,50.0
1727288890399,23.605,999.0
1727288890973,23.6071,500.0
1727288891514,23.6019,138.0
1727288891973,23.5996,69.0
1727288892804,23.6,51.0
1727288892804,23.6,454.0
1727288892804,23.6,100.0
1727288892804,23.6,4.0
1727288892805,23.6,20.0
1727288892805,23.6,200.0
1727288892805,23.6,1.0
1727288892805,23.6,300.0
1727288892805,23.6,50.0
1727288892805,23.6,100.0
1727288892805,23.6,99.0
1727288892815,23.6,61.0
1727288892821,23.6,6.0
1727288893058,23.6,1600.0
1727288893058,23.6,100.0
1727288893061,23.6,6.0
1727288893067,23.6,171.0
1727288893074,23.6,17.0
1727288893080,23.6,2.0
1727288893713,23.6015,500.0
1727288893881,23.6075,5.0
1727288893905,23.605,100.0
1727288893905,23.605,114.0
1727288894023,23.601,300.0
1727288894023,23.601,200.0
1727288894023,23.601,200.0
1727288894024,23.6,2600.0
1727288894025,23.6001,2600.0
1727288894025,23.6001,10800.0
1727288894025,23.6049,51.0
1727288894027,23.605,900.0
1727288894431,23.6,100.0
1727288894431,23.6,69.0
1727288894547,23.605,100.0
1727288895004,23.6005,10.0
1727288895408,23.6069,10.0
1727288895595,23.605,6.0
1727288895828,23.6003,7300.0
1727288895895,23.6,35.0
1727288898001,23.5997,1.0
1727288898002,23.6069,26.0
1727288898191,23.5897,200.0
1727288899009,23.605,4.0
1727288899100,23.604,1.0
1727288900256,23.6098,2192.0
1727288900717,23.6,3.0
1727288900739,23.6022,25.0
1727288901176,23.6,25.0
1727288901176,23.6,100.0
1727288901176,23.6,100.0
1727288901176,23.6,5.0
1727288901176,23.6,100.0
1727288901179,23.6,3.0
1727288901180,23.6,11.0
1727288901180,23.6,5.0
1727288901180,23.6,45.0
1727288901180,23.6,6.0
1727288901180,23.6,1.0
1727288901288,23.6003,25.0
1727288901299,23.605,10.0
1727288901364,23.6069,7.0
1727288901641,23.6099,20.0
1727288902835,23.605,6.0
1727288903011,23.5902,1000.0
1727288903013,23.5902,300.0
1727288903014,23.5902,100.0
1727288903153,23.605,105.0
1727288903858,23.6068,1.0
1727288904986,23.6088,1.0
1727288906395,23.6001,500.0
1727288906846,23.6008,300.0
1727288907021,23.5763,100.0
1727288907229,23.6001,5.0
1727288907345,23.6001,1.0
1727288909208,23.605,100.0
1727288909900,23.605,39.0
1727288909913,23.6,4.0
1727288909917,23.605,7.0
1727288910979,23.6085,7.0
1727288911084,23.605,15.0
1727288911966,23.605,8.0
1727288913062,23.6012,300.0
1727288913850,23.6,100.0
1727288913865,23.6067,420.0
1727288913507,23.6,74.0
1727288914895,23.605,5.0
1727288915907,23.6088,1.0
1727288915712,23.6088,292.0
1727288915724,23.6099,200.0
1727288915772,23.6012,93.0
1727288915802,23.605,2.0
1727288916042,23.6012,67.0
1727288916222,23.61,1.0
1727288916362,23.605,329.0
1727288916440,23.6,2.0
1727288916656,23.5771,100.0
1727288916779,23.6075,5.0
1727288916880,23.6001,59.0
1727288916898,23.607,30.0
1727288917026,23.605,30.0
1727288917029,23.6027,46.0
1727288917068,23.6061,100.0
1727288917148,23.6056,100.0
1727288917279,23.605,400.0
1727288917820,23.6015,100.0
1727288918907,23.6,50.0
1727288919425,23.605,40.0
1727288920409,23.6,3.0
1727288920720,23.6009,750.0
1727288920721,23.6,27.0
1727288920834,23.6001,5.0
1727288921628,23.6,200.0
1727288921629,23.602,50.0
1727288921718,23.6069,10.0
1727288922067,23.6005,1100.0
1727288922237,23.6,1.0
1727288922351,23.6,1.0
1727288923284,23.6,22.0
1727288923284,23.6,200.0
1727288923284,23.6,200.0
1727288923284,23.6,500.0
1727288923284,23.6,200.0
1727288923284,23.6,66.0
1727288923284,23.6,300.0
1727288923284,23.6,100.0
1727288923284,23.6,100.0
1727288923284,23.6,30.0
1727288923284,23.6,94.0
1727288923284,23.6,4.0
1727288923284,23.6,100.0
1727288923284,23.6,1.0
1727288923284,23.6,100.0
1727288923284,23.6,50.0
1727288923284,23.6,130.0
1727288923284,23.6,100.0
1727288923284,23.6,970.0
1727288923284,23.6,100.0
1727288923284,23.6,40.0
1727288923313,23.59,100.0
1727288923313,23.59,59.0
1727288923313,23.59,41.0
1727288923314,23.59,54.0
1727288923314,23.59,1855.0
1727288923314,23.59,100.0
1727288923314,23.59,200.0
1727288923314,23.59,100.0
1727288923314,23.59,100.0
1727288923314,23.59,50.0
1727288923314,23.59,100.0
1727288923314,23.59,50.0
1727288923314,23.59,6.0
1727288923314,23.585,100.0
1727288923314,23.5964,50.0
1727288923315,23.58,66.0
1727288923315,23.58,9.0
1727288923315,23.58,34.0
1727288923315,23.58,300.0
1727288923318,23.585,50.0
1727288923319,23.58,50.0
1727288923320,23.58,20.0
1727288923321,23.58,30.0
1727288923322,23.58,50.0
1727288923326,23.59,5.0
1727288923330,23.58,25.0
1727288923404,23.58,3.0
1727288923712,23.58,20.0
1727288924031,23.59,3.0
1727288924034,23.58,1.0
1727288924095,23.6035,52.0
1727288924117,23.6019,642.0
1727288924121,23.6045,190.0
1727288924138,23.5955,4.0
1727288924139,23.585,31.0
1727288924148,23.6,47.0
1727288924148,23.5996,149.0
1727288924165,23.5979,18.0
1727288924415,23.6015,1.0
1727288924509,23.585,1.0
1727288924596,23.5785,100.0
1727288926535,23.59,100.0
1727288926536,23.59,38.0
1727288926536,23.585,5.0
1727288987162,23.595,1.0
1727288987168,23.6,50.0
1727288987169,23.5999,50.0
1727288987169,23.5999,450.0
1727288988164,23.5819,100.0
1727288988200,23.595,300.0
1727288988200,23.595,100.0
1727288988200,23.595,100.0
1727288988200,23.595,300.0
1727288988200,23.595,100.0
1727288988200,23.595,100.0
1727288988200,23.595,100.0
1727288988200,23.59,300.0
1727288988200,23.59,100.0
1727288988200,23.59,200.0
1727288988200,23.59,50.0
1727288988200,23.59,1.0
1727288988200,23.59,300.0
1727288988200,23.59,150.0
1727288988200,23.59,527.0
1727288988200,23.595,100.0
1727288988200,23.59,600.0
1727288988200,23.59,100.0
1727288988201,23.59,100.0
1727288988201,23.59,100.0
1727288988201,23.59,300.0
1727288988201,23.595,300.0
1727288988201,23.59,100.0
1727288988201,23.59,200.0
1727288988201,23.59,50.0
1727288988201,23.59,200.0
1727288988201,23.595,100.0
1727288988201,23.595,200.0
1727288988201,23.595,100.0
1727288988201,23.595,100.0
1727288988201,23.59,60.0
1727288988201,23.59,30.0
1727288988201,23.59,100.0
1727288988201,23.59,200.0
1727288988201,23.59,250.0
1727288988201,23.59,31.0
1727288988201,23.6,100.0
1727288988201,23.595,320.0
1727288988201,23.595,100.0
1727288988201,23.595,100.0
1727288988201,23.595,200.0
1727288988201,23.595,100.0
1727288988201,23.595,100.0
1727288988201,23.59,400.0
1727288988201,23.59,200.0
1727288988201,23.59,50.0
1727288988201,23.59,80.0
1727288988201,23.59,200.0
1727288988201,23.59,1.0
1727288988201,23.59,1000.0
1727288988201,23.59,100.0
1727288988201,23.59,300.0
1727288988201,23.59,200.0
1727288988201,23.595,100.0
1727288988201,23.595,200.0
1727288988201,23.5954,50.0
1727288988201,23.59,200.0
1727288988201,23.5902,52.0
1727288988201,23.595,400.0
1727288988201,23.5916,50.0
1727288988201,23.595,475.0
1727288988201,23.5915,50.0
1727288988201,23.595,269.0
1727288988202,23.595,200.0
1727288988202,23.595,12.0
1727288989817,23.6,11.0
1727288989818,23.6,5.0
1727288989818,23.6,5.0
1727288989819,23.6,5.0
1727288990043,23.6,100.0
1727288990044,23.5988,51.0
1727288990435,23.59,1.0
1727288990453,23.6,100.0
1727288990453,23.6,100.0
1727288990456,23.5955,19.0
1727288991155,23.5931,4.0
1727288990916,23.595,100.0
1727288991111,23.6,100.0
1727288991332,23.6,5.0
1727288992020,23.5926,100.0
1727288992359,23.6,100.0
1727288992450,23.59,1.0
1727288992464,23.595,43.0
1727288992956,23.6,300.0
1727288992959,23.5982,300.0
1727288993585,23.6,50.0
1727288993585,23.6,100.0
1727288993585,23.6,400.0
1727288993585,23.6,100.0
1727288993585,23.6,900.0
1727288993585,23.6,82.0
1727288993585,23.6,300.0
1727288993585,23.6,50.0
1727288993585,23.6,100.0
1727288993585,23.6,50.0
1727288993585,23.6,50.0
1727288993585,23.6,300.0
1727288993585,23.6,50.0
1727288993585,23.6,12.0
1727288993585,23.6,100.0
1727288993585,23.6,1.0
1727288993585,23.6,50.0
1727288993586,23.5993,50.0
1727288993586,23.605,100.0
1727288994042,23.61,500.0
1727288994043,23.605,700.0
1727288994043,23.61,100.0
1727288994043,23.61,300.0
1727288994043,23.61,300.0
1727288994043,23.61,300.0
1727288994043,23.61,300.0
1727288994043,23.61,52.0
1727288994043,23.61,50.0
1727288994043,23.61,50.0
1727288994043,23.61,1.0
1727288994043,23.61,1300.0
1727288994043,23.61,400.0
1727288994043,23.61,220.0
1727288994043,23.61,300.0
1727288994043,23.61,300.0
1727288994043,23.61,1.0
1727288994043,23.61,300.0
1727288994043,23.61,300.0
1727288994043,23.61,1.0
1727288994043,23.61,12.0
1727288994043,23.61,300.0
1727288994043,23.61,1700.0
1727288994043,23.61,800.0
1727288994043,23.61,1.0
1727288994043,23.61,2700.0
1727288994043,23.61,100.0
1727288994043,23.61,100.0
1727288994043,23.61,200.0
1727288994043,23.61,186.0
1727288994043,23.61,150.0
1727288994043,23.61,50.0
1727288994043,23.61,200.0
1727288994043,23.61,100.0
1727288994043,23.61,60.0
1727288994043,23.61,200.0
1727288994043,23.61,200.0
1727288994043,23.61,250.0
1727288994043,23.61,752.0
1727288994043,23.61,548.0
1727288994043,23.61,7.0
1727288994043,23.61,11.0
1727288994043,23.61,100.0
1727288994043,23.61,1.0
1727288994043,23.61,14.0
1727288994043,23.61,300.0
1727288994043,23.61,300.0
1727288994043,23.61,5.0
1727288994043,23.61,50.0
1727288994043,23.61,400.0
1727288994043,23.61,50.0
1727288994043,23.61,486.0
1727288994043,23.61,50.0
1727288994043,23.61,60.0
1727288994043,23.61,112.0
1727288994044,23.61,50.0
1727288994047,23.608,64.0
1727288994047,23.61,54.0
1727288994047,23.61,50.0
1727288994048,23.61,52.0
1727288994358,23.615,100.0
1727288994117,23.615,1400.0
1727288994954,23.615,50.0
1727288995213,23.5834,100.0
1727288995384,23.62,100.0
1727288995397,23.615,500.0
1727288995419,23.615,800.0
1727288995420,23.6135,55.0
1727288995426,23.617,300.0
1727288995426,23.618,400.0
1727288995483,23.62,300.0
1727288995486,23.6145,18.0
1727288995486,23.6145,82.0
1727288995486,23.62,18.0
1727288995562,23.61,10.0
1727288995677,23.6119,45.0
1727288995773,23.615,400.0
1727288995908,23.62,73.0
1727288995971,23.6191,13000.0
1727288995971,23.6189,161.0
1727288996280,23.62,100.0
1727288996792,23.6165,200.0
1727288997199,23.6101,500.0
1727288999461,23.61,9.0
1727288999591,23.5841,100.0
1727289000606,23.617,80.0
1727289000810,23.615,100.0
1727289000887,23.62,24.0
1727289000962,23.615,2.0
1727289000963,23.61,1.0
1727289001511,23.5996,3.0
1727289001586,23.615,4.0
1727289001669,23.6189,5300.0
1727289001670,23.6178,53.0
1727289001796,23.6199,3388.0
1727289002052,23.6175,4000.0
1727289002052,23.6186,59.0
1727289002356,23.61,1300.0
1727289002356,23.61,100.0
1727289002356,23.61,100.0
1727289002356,23.61,219.0
1727289002356,23.61,181.0
1727289002356,23.61,50.0
1727289002356,23.61,150.0
1727289002356,23.61,1.0
1727289002356,23.61,100.0
1727289002356,23.61,51.0
1727289002356,23.61,5.0
1727289002356,23.61,300.0
1727289002356,23.61,100.0
1727289002356,23.61,100.0
1727289002356,23.61,600.0
1727289002356,23.61,400.0
1727289002356,23.61,100.0
1727289002356,23.61,50.0
1727289002356,23.61,100.0
1727289002356,23.61,3.0
1727289002356,23.61,100.0
1727289002356,23.61,100.0
1727289002356,23.61,50.0
1727289002356,23.61,200.0
1727289002356,23.61,70.0
1727289002356,23.61,30.0
1727289002356,23.61,55.0
1727289002356,23.61,100.0
1727289002356,23.61,200.0
1727289002356,23.61,74.0
1727289002356,23.61,83.0
1727289002356,23.61,100.0
1727289002356,23.61,400.0
1727289002356,23.61,100.0
1727289002356,23.61,50.0
1727289002356,23.61,20.0
1727289002356,23.61,50.0
1727289002356,23.61,10.0
1727289002357,23.615,432.0
1727289002357,23.61,55.0
1727289002357,23.61,377.0
1727289002357,23.615,7.0
1727289002357,23.61,200.0
1727289002357,23.6104,50.0
1727289002359,23.605,12.0
1727289002440,23.6022,20.0
1727289002847,23.6006,500.0
1727289003087,23.605,105.0
1727289003309,23.5995,1.0
1727289003888,23.605,7.0
1727289003963,23.6027,400.0
1727289004131,23.5957,58.0
1727289005844,23.6,276.0
1727289005844,23.6,178.0
1727289005844,23.6,7.0
1727289005844,23.6,80.0
1727289005844,23.6,766.0
1727289005844,23.6,400.0
1727289005844,23.6,100.0
1727289005844,23.6,26.0
1727289005844,23.6,59.0
1727289005844,23.6,20.0
1727289005844,23.6,15.0
1727289005844,23.6,56.0
1727289005844,23.6,100.0
1727289005844,23.6,341.0
1727289005844,23.6,87.0
1727289005844,23.6,10.0
1727289005844,23.6,1.0
1727289005844,23.6,113.0
1727289005844,23.6,7.0
1727289005844,23.6,22.0
1727289005844,23.6,93.0
1727289005844,23.6,287.0
1727289005844,23.6,200.0
1727289005844,23.6,100.0
1727289005844,23.6,19.0
1727289005844,23.6,22.0
1727289005844,23.6,299.0
1727289005850,23.6,182.0
1727289005855,23.6,19.0
1727289005857,23.6,99.0
1727289005857,23.6,400.0
1727289005857,23.6,1.0
1727289005857,23.6,200.0
1727289005858,23.6,300.0
1727289005858,23.6,100.0
1727289005859,23.6,400.0
1727289005859,23.6,71.0
1727289005862,23.59,51.0
1727289005866,23.6,400.0
1727289005867,23.6019,50.0
1727289005978,23.595,200.0
1727289005983,23.5901,34.0
1727289005993,23.595,1.0
1727289006229,23.5901,700.0
1727289007110,23.594,4.0
1727289006982,23.595,29.0
1727289007460,23.6046,41.0
1727289008526,23.5987,50.0
1727289008697,23.6,52.0
1727289009656,23.5999,100.0
1727289009428,23.5999,100.0
1727289009429,23.595,100.0
1727289009990,23.5901,1000.0
1727289009990,23.5918,50.0
1727289009537,23.595,653.0
1727289009537,23.595,100.0
1727289009537,23.595,200.0
1727289009537,23.59,400.0
1727289009537,23.59,200.0
1727289009537,23.59,300.0
1727289009537,23.59,50.0
1727289009537,23.59,300.0
1727289009537,23.59,300.0
1727289009537,23.59,179.0
1727289009537,23.595,100.0
1727289009537,23.595,600.0
1727289009537,23.595,153.0
1727289009537,23.59,249.0
1727289009537,23.59,300.0
1727289009537,23.595,684.0
1727289009537,23.59,100.0
1727289009537,23.59,400.0
1727289009537,23.59,100.0
1727289009537,23.59,50.0
1727289009537,23.59,300.0
1727289009537,23.59,300.0
1727289009537,23.59,1.0
1727289009537,23.59,50.0
1727289009537,23.59,100.0
1727289009537,23.59,200.0
1727289009537,23.59,13.0
1727289009538,23.59,200.0
1727289009538,23.595,110.0
1727289009538,23.59,400.0
1727289009954,23.59,500.0
1727289010253,23.5999,500.0
1727289011136,23.5988,296.0
1727289011140,23.59,30.0
1727289010861,23.59,20.0
1727289010958,23.6,10.0
1727289010968,23.6,75.0
1727289010968,23.6,62.0
1727289012120,23.5988,1.0
1727289012290,23.5901,2000.0
1727289012516,23.5985,68.0
1727289012635,23.5987,500.0
1727289012688,23.5991,1.0
1727289012848,23.6,1.0
1727289012899,23.5856,100.0
1727289012958,23.5913,2000.0
1727289014324,23.595,500.0
1727289014325,23.595,100.0
1727289014790,23.602,10.0
1727289015285,23.5981,29.0
1727289015638,23.595,212.0
1727289015638,23.595,211.0
1727289016150,23.595,1.0
1727289017112,23.595,1300.0
1727289017114,23.595,435.0
1727289017130,23.595,100.0
1727289017675,23.59,150.0
1727289017829,23.5957,500.0
1727289018343,23.5995,13.0
1727289018437,23.6,100.0
1727289018974,23.5958,2.0
1727289019393,23.5995,20.0
1727289019919,23.5859,100.0
1727289021053,23.59,50.0
1727289021658,23.5964,8.0
1727289023378,23.595,50.0
1727289023435,23.595,800.0
1727289023473,23.595,900.0
1727289023558,23.594,2118.0
1727289024500,23.6,50.0
1727289024500,23.6,36.0
1727289024500,23.6,77.0
1727289024500,23.6,300.0
1727289024500,23.6,23.0
1727289024500,23.6,200.0
1727289024501,23.595,100.0
1727289024543,23.594,200.0
1727289024686,23.5915,500.0
1727289025077,23.5971,10.0
1727289025405,23.6,10.0
1727289025582,23.5912,1.0
1727289025672,23.6,20.0
1727289025850,23.5861,100.0
1727289026551,23.5971,35.0
1727289027115,23.5912,1.0
1727289027909,23.5989,60.0
1727289028136,23.5912,1.0
1727289028648,23.5912,1.0
1727289029243,23.6035,56.0
1727289029102,23.595,37.0
1727289029218,23.5979,1.0
1727289029943,23.595,1.0
1727289029943,23.595,6.0
1727289029944,23.595,16.0
1727289030325,23.595,15.0
1727289030344,23.6009,20.0
1727289030347,23.6009,17.0
1727289030565,23.6,10.0
1727289030980,23.5979,1.0
1727289032360,23.5915,488.0
1727289032361,23.595,414.0
1727289032414,23.595,1.0
1727289032419,23.5901,1.0
1727289032647,23.5974,70.0
1727289033776,23.596,1500.0
1727289033777,23.5939,50.0
1727289035392,23.59,1000.0
1727289035493,23.6,73.0
1727289035611,23.5978,1.0
1727289035184,23.595,25.0
1727289034882,23.5991,24.0
1727289037027,23.5977,68.0
1727289037134,23.595,4.0
1727289037368,23.595,1.0
1727289037615,23.594,500.0
1727289037883,23.6,1.0
1727289037823,23.604,100.0
1727289037942,23.6,2.0
1727289038033,23.595,2100.0
1727289038035,23.6,1.0
1727289038124,23.6,2.0
1727289038214,23.6,1.0
1727289038284,23.594,4.0
1727289038293,23.6,2.0
1727289038376,23.6,1.0
1727289038428,23.5999,1400.0
1727289038456,23.6,1.0
1727289038522,23.6,1.0
1727289038653,23.6,1.0
1727289039703,23.5999,6.0
1727289040014,23.5938,35.0
1727289039771,23.6,1.0
1727289040070,23.6,1.0
1727289039912,23.6,1.0
1727289040392,23.6038,96.0
1727289040681,23.59,50.0
1727289041078,23.595,44.0
1727289041903,23.595,1.0
1727289042440,23.5988,1.0
1727289043048,23.5955,41.0
1727289043395,23.6,100.0
1727289043837,23.5989,1000.0
1727289048768,23.605,1000.0
1727289049257,23.6088,2.0
1727289049598,23.6088,1.0
1727289049460,23.61,1.0
1727289049461,23.6,1.0
1727289106304,23.5912,1.0
1727289106304,23.5912,4.0
1727289106324,23.595,794.0
1727289106173,23.5978,5.0
1727289108335,23.5999,100.0
1727289107613,23.59,75.0
1727289108213,23.6041,5.0
1727289108213,23.6041,1.0
1727289108492,23.595,300.0
1727289108649,23.595,50.0
1727289110450,23.6,50.0
1727289110032,23.595,100.0
1727289110032,23.595,10.0
1727289110032,23.5956,50.0
1727289110838,23.595,1.0
1727289111109,23.5995,3000.0
1727289111110,23.596,62.0
1727289111110,23.5995,126.0
1727289111242,23.595,500.0
1727289110944,23.5917,2000.0
1727289110945,23.5919,87.0
1727289111673,23.595,100.0
1727289111901,23.601,200.0
1727289112178,23.5932,100.0
1727289112548,23.595,210.0
1727289112722,23.5911,1000.0
1727289112723,23.5929,80.0
1727289112838,23.595,200.0
1727289113128,23.595,1.0
1727289113128,23.595,23.0
1727289113204,23.6033,32.0
1727289114779,23.601,100.0
1727289114138,23.5923,50.0
1727289114686,23.595,50.0
1727289115106,23.595,100.0
1727289115965,23.6,64.0
1727289116059,23.5922,100.0
1727289116398,23.595,1.0
1727289116655,23.595,200.0
1727289116657,23.595,12.0
1727289117074,23.595,200.0
1727289117249,23.595,11.0
1727289118100,23.595,100.0
1727289118221,23.5988,134.0
1727289118566,23.5988,1.0
1727289118566,23.5988,1.0
1727289120146,23.5914,4.0
1727289119655,23.595,1.0
1727289119727,23.5981,300.0
1727289120413,23.6,1.0
1727289120427,23.595,2.0
1727289120594,23.595,3.0
1727289120608,23.5912,1.0
1727289120948,23.595,1000.0
1727289121356,23.595,2.0
1727289121483,23.595,100.0
1727289122588,23.6022,28.0
1727289123217,23.5987,50.0
1727289123049,23.595,8.0
1727289124896,23.595,6.0
1727289125791,23.595,100.0
1727289125809,23.595,85.0
1727289126515,23.595,50.0
1727289126734,23.6,1.0
1727289126650,23.595,24.0
1727289126828,23.595,100.0
1727289126385,23.595,653.0
1727289126402,23.595,100.0
1727289126450,23.5988,423.0
1727289127343,23.594,30.0
1727289127412,23.5988,42.0
1727289127756,23.5988,1.0
1727289128022,23.6019,100.0
1727289129152,23.59,3.0
1727289130377,23.59,153.0
1727289130377,23.59,1.0
1727289130377,23.59,42.0
1727289130377,23.59,421.0
1727289130377,23.59,84.0
1727289130377,23.59,59.0
1727289130377,23.59,2.0
1727289130377,23.59,100.0
1727289130377,23.59,30.0
1727289130377,23.59,128.0
1727289130377,23.59,171.0
1727289130377,23.59,200.0
1727289130377,23.59,1.0
1727289130377,23.59,1.0
1727289130377,23.59,100.0
1727289130377,23.59,71.0
1727289130377,23.59,100.0
1727289130377,23.59,10.0
1727289130378,23.59,32.0
1727289130378,23.59,4.0
1727289130378,23.59,41.0
1727289130378,23.59,200.0
1727289130378,23.59,5.0
1727289130378,23.59,50.0
1727289130379,23.59,100.0
1727289130379,23.59,5.0
1727289130380,23.58,72.0
1727289130475,23.59,2000.0
1727289130546,23.59,100.0
1727289130157,23.6,51.0
1727289130158,23.595,50.0
1727289130339,23.59,12.0
1727289130341,23.595,200.0
1727289130342,23.595,100.0
1727289130891,23.585,100.0
1727289131046,23.5899,6.0
1727289131291,23.58,80.0
1727289132378,23.585,800.0
1727289132430,23.5854,1.0
1727289133696,23.58,20.0
1727289132924,23.601,200.0
1727289133038,23.58,5.0
1727289133038,23.58,1228.0
1727289133038,23.58,100.0
1727289133038,23.58,8.0
1727289133038,23.58,300.0
1727289133038,23.58,100.0
1727289133038,23.58,30.0
1727289133038,23.58,5.0
1727289133038,23.58,10.0
1727289133038,23.58,200.0
1727289133038,23.58,19.0
1727289133038,23.58,81.0
1727289133038,23.58,81.0
1727289133038,23.58,200.0
1727289133038,23.58,2095.0
1727289133039,23.58,605.0
1727289133039,23.58,100.0
1727289133039,23.58,20.0
1727289133039,23.58,32.0
1727289133039,23.58,1.0
1727289133039,23.58,100.0
1727289133039,23.58,100.0
1727289133039,23.58,47.0
1727289133039,23.58,100.0
1727289133039,23.5866,50.0
1727289133039,23.58,400.0
1727289133039,23.58,5.0
1727289133039,23.58,2.0
1727289133039,23.58,100.0
1727289133039,23.58,108.0
1727289133039,23.575,9.0
1727289133039,23.58,200.0
1727289133039,23.58,200.0
1727289133039,23.58,200.0
1727289133039,23.58,200.0
1727289133039,23.58,151.0
1727289133039,23.58,185.0
1727289133039,23.58,100.0
1727289133039,23.58,100.0
1727289133039,23.58,500.0
1727289133040,23.58,50.0
1727289133041,23.58,3.0
1727289133042,23.575,390.0
1727289133042,23.575,200.0
1727289133042,23.575,100.0
1727289133043,23.58,500.0
1727289133043,23.58,179.0
1727289133043,23.58,179.0
1727289133043,23.58,200.0
1727289133043,23.58,300.0
1727289133043,23.58,700.0
1727289133043,23.58,100.0
1727289133043,23.58,200.0
1727289133043,23.58,40.0
1727289133043,23.58,200.0
1727289133043,23.58,500.0
1727289133043,23.58,70.0
1727289133043,23.58,200.0
1727289133044,23.58,179.0
1727289133044,23.58,200.0
1727289133044,23.58,500.0
1727289133044,23.58,200.0
1727289133044,23.58,50.0
1727289133044,23.58,100.0
1727289133044,23.5793,51.0
1727289133044,23.58,80.0
1727289133044,23.58,20.0
1727289133044,23.58,686.0
1727289133044,23.58,91.0
1727289133044,23.58,50.0
1727289133149,23.575,100.0
1727289133165,23.575,200.0
1727289133265,23.575,400.0
1727289133267,23.58,21.0
1727289133267,23.58,29.0
1727289133268,23.58,200.0
1727289133924,23.575,250.0
1727289133962,23.6,69.0
1727289134750,23.5701,2800.0
1727289134751,23.5738,52.0
1727289134785,23.575,20.0
1727289135023,23.58,200.0
1727289135286,23.5997,1.0
1727289136025,23.5922,100.0
1727289136399,23.5779,300.0
1727289136601,23.5712,8.0
1727289136948,23.5712,1.0
1727289137832,23.575,51.0
1727289137898,23.575,1.0
1727289137914,23.58,200.0
1727289137915,23.58,400.0
1727289137915,23.58,100.0
1727289137915,23.58,760.0
1727289137915,23.58,400.0
1727289137915,23.58,100.0
1727289137915,23.58,50.0
1727289137915,23.58,100.0
1727289137915,23.58,24.0
1727289137915,23.58,12.0
1727289137915,23.58,100.0
1727289137915,23.58,50.0
1727289137915,23.58,200.0
1727289137915,23.58,100.0
1727289137915,23.58,50.0
1727289137915,23.58,330.0
1727289137915,23.58,1.0
1727289137915,23.58,100.0
1727289139728,23.5825,4000.0
1727289139728,23.581,88.0
1727289141230,23.59,11.0
1727289141230,23.59,89.0
1727289141294,23.585,100.0
1727289141294,23.585,100.0
1727289141294,23.585,653.0
1727289141294,23.585,100.0
1727289141294,23.585,653.0
1727289141295,23.59,121.0
1727289141295,23.59,5.0
1727289141295,23.59,686.0
1727289141295,23.59,686.0
1727289141295,23.59,200.0
1727289141295,23.59,200.0
1727289141295,23.59,3.0
1727289141295,23.59,200.0
1727289141295,23.59,210.0
1727289141295,23.59,103.0
1727289141296,23.59,686.0
1727289141296,23.59,65.0
1727289141296,23.59,432.0
1727289141296,23.59,100.0
1727289141296,23.59,400.0
1727289141296,23.59,400.0
1727289141296,23.59,200.0
1727289141296,23.59,400.0
1727289141296,23.59,39.0
1727289141296,23.59,3373.0
1727289141296,23.59,1.0
1727289141296,23.59,100.0
1727289141296,23.59,100.0
1727289141296,23.59,200.0
1727289141296,23.59,57.0
1727289141296,23.59,1.0
1727289141296,23.59,50.0
1727289141296,23.59,300.0
1727289141296,23.59,200.0
1727289141296,23.59,50.0
1727289141296,23.59,100.0
1727289141296,23.59,100.0
1727289141296,23.59,23.0
1727289141296,23.59,200.0
1727289141296,23.59,50.0
1727289141296,23.59,100.0
1727289141296,23.59,100.0
1727289141296,23.59,300.0
1727289141296,23.59,200.0
1727289141296,23.59,12.0
1727289141296,23.59,50.0
1727289141296,23.59,600.0
1727289141296,23.59,12.0
1727289141296,23.5885,53.0
1727289141296,23.595,100.0
1727289141296,23.59,50.0
1727289141301,23.6,300.0
1727289141301,23.6,155.0
1727289141302,23.6,300.0
1727289141302,23.6,298.0
1727289141302,23.6,152.0
1727289141302,23.6,298.0
1727289141302,23.6,300.0
1727289141302,23.6,686.0
1727289141302,23.6,1300.0
1727289141302,23.6,400.0
1727289141302,23.6,200.0
1727289141302,23.6,10.0
1727289141302,23.6,8.0
1727289141302,23.6,1.0
1727289141302,23.6,4.0
1727289141302,23.6,2.0
1727289141302,23.6,6.0
1727289141302,23.6,100.0
1727289141302,23.6,100.0
1727289141302,23.6,100.0
1727289141302,23.6,100.0
1727289141302,23.6,100.0
1727289141302,23.6,100.0
1727289141302,23.6,100.0
1727289141302,23.6,50.0
1727289141302,23.6,35.0
1727289141302,23.6,200.0
1727289141302,23.6,100.0
1727289141302,23.6,100.0
1727289141302,23.6,100.0
1727289141302,23.6,100.0
1727289141302,23.6,100.0
1727289141302,23.6,400.0
1727289141302,23.6,100.0
1727289141302,23.6,200.0
1727289141398,23.605,100.0
1727289141302,23.6,17.0
1727289141302,23.6,50.0
1727289141302,23.6,100.0
1727289141302,23.6,100.0
1727289141302,23.6,25.0
1727289141302,23.6,60.0
1727289141302,23.6,100.0
1727289141302,23.6,1.0
1727289141302,23.6,100.0
1727289141302,23.6,199.0
1727289141302,23.6,686.0
1727289141302,23.5947,54.0
1727289141302,23.6,100.0
1727289141302,23.6,5.0
1727289141302,23.6,7.0
1727289141302,23.6,400.0
1727289141302,23.6,200.0
1727289141302,23.6,9.0
1727289141302,23.6,96.0
1727289141302,23.6,300.0
1727289141302,23.6,30.0
1727289141302,23.6,100.0
1727289141302,23.6,100.0
1727289141302,23.6,3.0
1727289141302,23.6,100.0
1727289141302,23.6,600.0
1727289141303,23.6,300.0
1727289141303,23.6,300.0
1727289141303,23.6,56.0
1727289141304,23.6,300.0
1727289141304,23.6,400.0
1727289141305,23.6,400.0
1727289141407,23.6045,181.0
1727289141311,23.605,100.0
1727289141453,23.59,210.0
1727289142253,23.6073,3.0
1727289142360,23.6084,10.0
1727289142562,23.6002,2700.0
1727289142801,23.6025,1308.0
1727289142801,23.6005,57.0
1727289143132,23.605,26.0
1727289143203,23.605,176.0
1727289143267,23.605,123.0
1727289143370,23.6045,1.0
1727289143379,23.5986,5.0
1727289143695,23.605,20.0
1727289143696,23.61,5.0
1727289143823,23.605,8.0
1727289143978,23.6097,40.0
1727289143991,23.6,200.0
1727289143991,23.6,500.0
1727289143991,23.6,100.0
1727289143991,23.6,400.0
1727289143991,23.6,300.0
1727289143991,23.6,50.0
1727289143991,23.6,100.0
1727289143991,23.6,250.0
1727289143991,23.6,50.0
1727289143991,23.6,69.0
1727289143991,23.6,100.0
1727289143991,23.6,300.0
1727289143991,23.6,50.0
1727289143991,23.6,100.0
1727289143991,23.6,100.0
1727289143991,23.6,1200.0
1727289143991,23.6,150.0
1727289143991,23.605,100.0
1727289143991,23.6,200.0
1727289143991,23.6,400.0
1727289143991,23.6,200.0
1727289143991,23.6,50.0
1727289143991,23.6,100.0
1727289143991,23.6,100.0
1727289143991,23.6,300.0
1727289143991,23.6,50.0
1727289143991,23.6,50.0
1727289143991,23.6,100.0
1727289143991,23.6,1150.0
1727289143991,23.6,50.0
1727289143991,23.6,50.0
1727289143991,23.6,50.0
1727289143991,23.6,200.0
1727289143991,23.605,100.0
1727289143991,23.6,200.0
1727289143992,23.6,200.0
1727289143992,23.6,50.0
1727289143992,23.6,300.0
1727289143992,23.6,900.0
1727289143992,23.6,200.0
1727289143992,23.6,100.0
1727289143992,23.6,450.0
1727289143992,23.6,200.0
1727289143992,23.6,900.0
1727289143992,23.6,50.0
1727289143992,23.6,100.0
1727289143992,23.6,250.0
1727289143992,23.6,300.0
1727289143992,23.6,50.0
1727289143992,23.6,250.0
1727289143992,23.6,6.0
1727289143992,23.6,200.0
1727289143992,23.6,6.0
1727289143992,23.6005,51.0
1727289143992,23.6,50.0
1727289143992,23.6,300.0
1727289143992,23.6,900.0
1727289143992,23.6,1250.0
1727289143992,23.6001,50.0
1727289143993,23.6,50.0
1727289143993,23.6,50.0
1727289143995,23.6,200.0
1727289143995,23.6,1000.0
1727289143995,23.6,1000.0
1727289143996,23.605,6.0
1727289144024,23.605,300.0
1727289144024,23.6,100.0
1727289144024,23.6,70.0
1727289144024,23.6,200.0
1727289144024,23.6,30.0
1727289144029,23.6,50.0
1727289144029,23.6,100.0
1727289144029,23.6,600.0
1727289144029,23.6,300.0
1727289144029,23.6,250.0
1727289144029,23.6,150.0
1727289144029,23.6,200.0
1727289144029,23.6,200.0
1727289144029,23.6,200.0
1727289144029,23.6,50.0
1727289144029,23.6,100.0
1727289144029,23.6,300.0
1727289144029,23.6,300.0
1727289144029,23.6,100.0
1727289144029,23.6,350.0
1727289144029,23.6,50.0
1727289144029,23.6,400.0
1727289144029,23.6,1300.0
1727289144029,23.6,300.0
1727289144029,23.6,300.0
1727289144029,23.6,300.0
1727289144029,23.6,300.0
1727289144029,23.6,2800.0
1727289144029,23.6,900.0
1727289144029,23.6,50.0
1727289144029,23.6,300.0
1727289144029,23.6,250.0
1727289144029,23.6003,50.0
1727289144030,23.6,100.0
1727289144030,23.6,200.0
1727289144030,23.6,200.0
1727289144030,23.6,72.0
1727289144053,23.6,50.0
1727289144053,23.6,50.0
1727289144053,23.6,600.0
1727289144053,23.6,100.0
1727289144053,23.6,50.0
1727289144053,23.6,400.0
1727289144053,23.6,1150.0
1727289144053,23.6,50.0
1727289144053,23.6,400.0
1727289144053,23.6,400.0
1727289144053,23.6,100.0
1727289144053,23.6,5150.0
1727289144053,23.6,200.0
1727289144053,23.6,50.0
1727289144053,23.6,500.0
1727289144053,23.6,50.0
1727289144053,23.6,300.0
1727289144054,23.6,300.0
1727289144054,23.6,53.0
1727289144054,23.6,100.0
1727289144054,23.6,200.0
1727289144054,23.6,53.0
1727289144054,23.6,100.0
1727289144054,23.6,150.0
1727289144054,23.6,50.0
1727289144054,23.6,100.0
1727289144054,23.6,300.0
1727289144055,23.6,300.0
1727289144063,23.6,50.0
1727289144063,23.6,100.0
1727289144063,23.6,477.0
1727289144069,23.6,10895.0
1727289144069,23.6,142.0
1727289144070,23.6,63.0
1727289144076,23.6,6.0
1727289144078,23.605,11.0
1727289144094,23.605,39.0
1727289144353,23.605,100.0
1727289144364,23.605,400.0
1727289144454,23.605,300.0
1727289145185,23.605,1.0
1727289145966,23.6,1.0
1727289146557,23.61,1.0
1727289147248,23.605,9.0
1727289147147,23.605,100.0
1727289147149,23.605,48.0
1727289147152,23.6,1.0
1727289147442,23.605,100.0
1727289148249,23.609,40.0
1727289147813,23.6064,1000.0
1727289148054,23.605,100.0
1727289148937,23.61,1.0
1727289148938,23.6099,20.0
1727289149104,23.605,8.0
1727289149105,23.605,17.0
1727289149133,23.5932,30.0
1727289149603,23.6002,100.0
1727289149616,23.61,1.0
1727289150229,23.6088,1.0
1727289150262,23.61,100.0
1727289151471,23.605,100.0
1727289151786,23.6099,847.0
1727289151953,23.605,1.0
1727289152727,23.6003,100.0
1727289152795,23.605,1.0
1727289152844,23.6,150.0
1727289153035,23.605,100.0
1727289153042,23.605,27.0
1727289153349,23.61,1.0
1727289153910,23.6097,127.0
1727289153913,23.61,1.0
1727289154020,23.605,423.0
1727289154024,23.6,1.0
1727289154025,23.61,1.0
1727289154236,23.605,97.0
1727289154315,23.605,60.0
1727289154342,23.61,5.0
1727289154342,23.61,1.0
1727289154342,23.61,1.0
1727289154342,23.61,98.0
1727289154342,23.61,40.0
1727289154342,23.61,6.0
1727289154342,23.61,1.0
1727289154343,23.61,2.0
1727289154343,23.61,12.0
1727289154343,23.61,2.0
1727289154343,23.61,83.0
1727289154343,23.61,5.0
1727289154343,23.61,95.0
1727289154343,23.61,105.0
1727289154344,23.61,1.0
1727289154344,23.61,46.0
1727289154344,23.61,11.0
1727289154344,23.61,142.0
1727289154680,23.6089,212.0
1727289154834,23.5929,100.0
1727289154894,23.605,10.0
1727289154871,23.5992,31.0
1727289154885,23.5991,1.0
1727289155175,23.5929,100.0
1727289155409,23.609,80.0
1727289155484,23.61,241.0
1727289155484,23.61,159.0
1727289155484,23.61,300.0
1727289155484,23.61,100.0
1727289155484,23.61,900.0
1727289155484,23.61,100.0
1727289155484,23.61,200.0
1727289155484,23.61,100.0
1727289155484,23.61,300.0
1727289155484,23.61,50.0
1727289155484,23.61,150.0
1727289155484,23.61,350.0
1727289155484,23.61,100.0
1727289155484,23.61,110.0
1727289155484,23.61,100.0
1727289155484,23.61,1.0
1727289155484,23.61,1.0
1727289155484,23.61,200.0
1727289155484,23.61,99.0
1727289155484,23.61,8.0
1727289155484,23.61,3.0
1727289155484,23.61,1.0
1727289155484,23.61,3.0
1727289155484,23.61,1.0
1727289155485,23.6074,55.0
1727289155485,23.61,3.0
1727289155485,23.61,3.0
1727289155485,23.61,3.0
1727289155485,23.61,200.0
1727289155485,23.61,186.0
1727289155486,23.615,5.0
1727289155486,23.615,3.0
1727289155486,23.615,397.0
1727289155536,23.61,10.0
1727289155599,23.6116,2100.0
1727289156348,23.6179,1000.0
1727289156451,23.6199,800.0
1727289156899,23.6101,42.0
1727289157055,23.615,1.0
1727289157292,23.6004,100.0
1727289157295,23.6004,100.0
1727289157605,23.6101,1.0
1727289157735,23.6133,500.0
1727289157735,23.6132,50.0
1727289158044,23.5995,67.0
1727289158758,23.6179,65.0
1727289159915,23.615,300.0
1727289159933,23.6195,300.0
1727289160688,23.5996,1.0
1727289161063,23.615,360.0
1727289161136,23.615,1000.0
1727289161232,23.613,200.0
1727289161232,23.615,300.0
1727289161232,23.611,20.0
1727289161233,23.615,200.0
1727289161241,23.615,300.0
1727289161241,23.613,200.0
1727289161241,23.612,200.0
1727289161273,23.6151,1.0
1727289161629,23.6112,5.0
1727289161982,23.61,1.0
1727289162634,23.6199,50.0
1727289162724,23.615,100.0
1727289162912,23.6199,2000.0
1727289163134,23.615,27.0
1727289163004,23.6188,1.0
1727289163170,23.6178,84.0
1727289163088,23.6004,200.0
1727289163092,23.6004,100.0
1727289163329,23.615,1000.0
1727289165159,23.615,100.0
1727289165294,23.615,15.0
1727289166810,23.6134,100.0
1727289167378,23.6179,1000.0
1727289229183,23.6159,2.0
1727289230034,23.6044,68.0
1727289230991,23.615,103.0
1727289231368,23.6047,30.0
1727289231414,23.618,1.0
1727289232239,23.6152,10.0
1727289232616,23.615,30.0
1727289232668,23.6199,6.0
1727289233672,23.6172,1000.0
1727289234062,23.6047,100.0
1727289235053,23.615,100.0
1727289236001,23.62,6.0
1727289236481,23.614,1000.0
1727289236482,23.6121,56.0
1727289236578,23.6182,21.0
1727289236633,23.615,100.0
1727289237322,23.615,1.0
1727289236975,23.6157,264.0
1727289237034,23.6068,9.0
1727289237034,23.604,29.0
1727289237058,23.612,1.0
1727289237096,23.6038,100.0
1727289237097,23.6048,1.0
1727289237154,23.612,6.0
1727289237210,23.612,1.0
1727289237229,23.6158,1.0
1727289237252,23.615,4.0
1727289237567,23.615,20.0
1727289237860,23.615,100.0
1727289238363,23.6101,100.0
1727289238536,23.61,63.0
1727289238551,23.615,100.0
1727289238753,23.615,1.0
1727289239653,23.615,33.0
1727289239661,23.6048,1.0
1727289240498,23.61,10.0
1727289240502,23.6028,800.0
1727289240658,23.615,2.0
1727289240169,23.6188,1.0
1727289240273,23.6123,40.0
1727289240353,23.6112,2.0
1727289240892,23.615,50.0
1727289241562,23.615,433.0
1727289241841,23.62,1.0
1727289241308,23.6029,100.0
1727289241314,23.6029,400.0
1727289242050,23.6137,3200.0
1727289242382,23.615,100.0
1727289242382,23.61,1300.0
1727289242382,23.61,100.0
1727289242382,23.61,200.0
1727289242382,23.61,200.0
1727289242382,23.61,16.0
1727289242382,23.61,50.0
1727289242382,23.61,100.0
1727289242382,23.61,100.0
1727289242382,23.61,278.0
1727289242382,23.61,10.0
1727289242382,23.61,256.0
1727289242382,23.61,100.0
1727289242382,23.61,100.0
1727289242382,23.61,300.0
1727289242382,23.61,13.0
1727289242382,23.61,100.0
1727289242382,23.61,100.0
1727289242382,23.61,100.0
1727289242382,23.61,100.0
1727289242382,23.61,125.0
1727289242382,23.61,100.0
1727289242382,23.6131,59.0
1727289242382,23.61,200.0
1727289242383,23.61,200.0
1727289242383,23.61,10.0
1727289242383,23.61,45.0
1727289242383,23.61,1.0
1727289242383,23.61,186.0
1727289242383,23.61,100.0
1727289242383,23.61,100.0
1727289242383,23.61,99.0
1727289242383,23.61,101.0
1727289242383,23.61,99.0
1727289242383,23.61,99.0
1727289242383,23.61,1.0
1727289242383,23.61,100.0
1727289242419,23.6095,50.0
1727289243419,23.605,100.0
1727289243506,23.605,100.0
1727289243563,23.606,100.0
1727289244345,23.605,1000.0
1727289244346,23.6088,52.0
1727289244900,23.6051,3.0
1727289245050,23.5973,100.0
1727289245109,23.6079,9.0
1727289245349,23.605,100.0
1727289245358,23.606,600.0
1727289246388,23.6051,10.0
1727289246389,23.605,100.0
1727289246633,23.604,20.0
1727289246944,23.606,100.0
1727289247173,23.6044,200.0
1727289247461,23.6051,5.0
1727289247832,23.6088,1.0
1727289248440,23.61,100.0
1727289248440,23.61,200.0
1727289248441,23.61,200.0
1727289248441,23.61,200.0
1727289248694,23.605,100.0
1727289248720,23.605,100.0
1727289248763,23.605,3.0
1727289248766,23.605,12.0
1727289248767,23.605,2.0
1727289248773,23.605,2.0
1727289248796,23.605,250.0
1727289248882,23.605,2.0
1727289249037,23.6076,100.0
1727289249052,23.6076,100.0
1727289249537,23.605,6.0
1727289249630,23.605,400.0
1727289249630,23.61,400.0
1727289249630,23.61,200.0
1727289249630,23.61,50.0
1727289249630,23.61,160.0
1727289249630,23.61,100.0
1727289249630,23.61,200.0
1727289249630,23.61,100.0
1727289249630,23.61,8.0
1727289249630,23.61,150.0
1727289249630,23.61,200.0
1727289249630,23.61,100.0
1727289249630,23.61,300.0
1727289249630,23.61,300.0
1727289249630,23.61,300.0
1727289249630,23.61,300.0
1727289249630,23.605,400.0
1727289249630,23.605,400.0
1727289249630,23.61,300.0
1727289249630,23.61,50.0
1727289249630,23.61,400.0
1727289249630,23.61,300.0
1727289249630,23.61,100.0
1727289249630,23.61,50.0
1727289249630,23.61,1.0
1727289249630,23.61,50.0
1727289249630,23.61,300.0
1727289249630,23.61,49.0
1727289249630,23.61,500.0
1727289249630,23.61,100.0
1727289249630,23.61,200.0
1727289249630,23.61,100.0
1727289249630,23.61,100.0
1727289249630,23.61,100.0
1727289249630,23.61,250.0
1727289249630,23.61,200.0
1727289249630,23.61,100.0
1727289249630,23.61,300.0
1727289249630,23.61,1.0
1727289249630,23.61,100.0
1727289249630,23.605,400.0
1727289249630,23.61,118.0
1727289249630,23.605,400.0
1727289249630,23.61,160.0
1727289249630,23.61,51.0
1727289249630,23.61,50.0
1727289249630,23.61,100.0
1727289249630,23.61,300.0
1727289249630,23.61,300.0
1727289249630,23.61,200.0
1727289249630,23.61,100.0
1727289249630,23.61,50.0
1727289249630,23.61,100.0
1727289249630,23.61,400.0
1727289249630,23.608,51.0
1727289249630,23.61,100.0
1727289249630,23.61,100.0
1727289249630,23.61,100.0
1727289249631,23.6091,51.0
1727289249631,23.61,100.0
1727289249631,23.61,100.0
1727289249631,23.61,200.0
1727289249631,23.61,200.0
1727289249632,23.61,200.0
1727289249632,23.6091,50.0
1727289249632,23.61,686.0
1727289249886,23.6177,2.0
1727289249897,23.615,400.0
1727289249897,23.615,300.0
1727289249897,23.62,400.0
1727289249897,23.62,200.0
1727289249897,23.62,25.0
1727289249897,23.62,400.0
1727289249897,23.62,1100.0
1727289249897,23.62,100.0
1727289249897,23.62,50.0
1727289249897,23.62,25.0
1727289249897,23.615,300.0
1727289249898,23.6161,51.0
1727289250136,23.62,50.0
1727289250286,23.615,100.0
1727289250673,23.615,23.0
1727289250771,23.62,1.0
1727289250900,23.615,1.0
1727289251706,23.616,100.0
1727289251774,23.615,100.0
1727289251779,23.615,70.0
1727289251878,23.6153,1000.0
1727289251930,23.615,3.0
1727289251931,23.615,2.0
1727289253615,23.6188,1.0
1727289253215,23.6101,1.0
1727289253963,23.6188,1.0
1727289253963,23.6188,8.0
1727289253964,23.6074,67.0
1727289254450,23.61,100.0
1727289254452,23.615,35.0
1727289254456,23.615,70.0
1727289254456,23.615,475.0
1727289254721,23.615,1.0
1727289255484,23.617,300.0
1727289255484,23.617,901.0
1727289255713,23.62,750.0
1727289255131,23.615,10.0
1727289255252,23.6037,100.0
1727289255962,23.62,25.0
1727289255962,23.62,26.0
1727289255962,23.62,20.0
1727289255962,23.62,100.0
1727289255962,23.62,100.0
1727289255962,23.62,10.0
1727289255962,23.62,588.0
1727289255962,23.62,100.0
1727289255962,23.62,300.0
1727289255962,23.62,100.0
1727289255962,23.62,1.0
1727289255962,23.62,100.0
1727289255962,23.62,100.0
1727289255962,23.62,500.0
1727289255962,23.62,100.0
1727289255962,23.62,10.0
1727289255962,23.62,118.0
1727289255962,23.62,1.0
1727289255962,23.62,1.0
1727289255962,23.62,200.0
1727289255962,23.62,73.0
1727289255962,23.62,7.0
1727289255962,23.62,50.0
1727289255962,23.62,300.0
1727289255962,23.62,269.0
1727289255962,23.62,412.0
1727289255962,23.62,1.0
1727289255962,23.62,598.0
1727289255962,23.62,20.0
1727289255962,23.62,200.0
1727289255962,23.62,107.0
1727289255962,23.62,50.0
1727289255962,23.62,50.0
1727289255962,23.62,1.0
1727289255963,23.6172,55.0
1727289255963,23.62,20.0
1727289255963,23.62,50.0
1727289255963,23.62,150.0
1727289255963,23.62,2.0
1727289255963,23.62,149.0
1727289255967,23.62,200.0
1727289255967,23.62,200.0
1727289255967,23.62,400.0
1727289255967,23.62,700.0
1727289255967,23.62,200.0
1727289255967,23.62,50.0
1727289255967,23.62,200.0
1727289255967,23.62,1.0
1727289255967,23.62,82.0
1727289255967,23.62,500.0
1727289255967,23.62,200.0
1727289255967,23.62,100.0
1727289255967,23.62,300.0
1727289255967,23.62,150.0
1727289255967,23.62,50.0
1727289255967,23.62,3.0
1727289255967,23.62,300.0
1727289255967,23.62,300.0
1727289255968,23.62,50.0
1727289255973,23.62,50.0
1727289255973,23.62,265.0
1727289255978,23.62,35.0
1727289255978,23.62,50.0
1727289255978,23.62,51.0
1727289255978,23.62,29.0
1727289255996,23.62,300.0
1727289255996,23.62,300.0
1727289255996,23.62,100.0
1727289255996,23.62,100.0
1727289255996,23.62,179.0
1727289255996,23.62,51.0
1727289256007,23.62,121.0
1727289256007,23.62,173.0
1727289256017,23.62,88.0
1727289256028,23.62,27.0
1727289256037,23.62,27.0
1727289256046,23.62,27.0
1727289256055,23.62,39.0
1727289256055,23.62,300.0
1727289256055,23.62,300.0
1727289256055,23.62,17.0
1727289256060,23.62,65.0
1727289256066,23.62,7.0
1727289256071,23.62,1.0
1727289256142,23.6202,1000.0
1727289256220,23.62,700.0
1727289256524,23.625,40.0
1727289256972,23.625,352.0
1727289256995,23.62,4.0
1727289257112,23.625,1000.0
1727289257113,23.6215,51.0
1727289257203,23.6201,100.0
1727289257253,23.625,10.0
1727289257280,23.625,2.0
1727289257776,23.6266,400.0
1727289257776,23.6252,1.0
1727289257843,23.625,14.0
1727289257843,23.625,86.0
1727289257844,23.63,14.0
1727289258575,23.625,13.0
1727289258651,23.6299,5.0
1727289258745,23.6202,5000.0
1727289258746,23.6208,62.0
1727289259157,23.625,2135.0
1727289259346,23.624,250.0
1727289259479,23.625,5.0
1727289259521,23.6225,1000.0
1727289260932,23.6201,1500.0
1727289260932,23.6229,54.0
1727289260949,23.6238,200.0
1727289261367,23.6297,211.0
1727289261390,23.625,100.0
1727289261551,23.6201,63.0
1727289261585,23.6299,5300.0
1727289261586,23.6295,65.0
1727289261921,23.6295,500.0
1727289262355,23.63,100.0
1727289262356,23.625,400.0
1727289262356,23.625,100.0
1727289262357,23.625,600.0
1727289262358,23.63,1000.0
1727289262359,23.63,12.0
1727289262361,23.63,300.0
1727289262362,23.63,4200.0
1727289262363,23.6292,79.0
1727289262363,23.62,900.0
1727289262380,23.625,1000.0
1727289262388,23.625,1200.0
1727289262389,23.625,1900.0
1727289262389,23.6295,50.0
1727289262389,23.6241,55.0
1727289262407,23.625,1500.0
1727289262448,23.628,100.0
1727289262448,23.625,100.0
1727289262448,23.63,2.0
1727289262448,23.63,98.0
1727289262449,23.62,900.0
1727289262452,23.6283,26.0
1727289262498,23.6295,285.0
1727289262638,23.6059,100.0
1727289263069,23.62,900.0
1727289263100,23.6278,100.0
1727289263137,23.625,680.0
1727289263730,23.625,100.0
1727289264478,23.6237,50.0
1727289264499,23.63,100.0
1727289264944,23.625,10.0
1727289265068,23.6299,1.0
1727289265618,23.62,118.0
1727289265619,23.6238,50.0
1727289265742,23.6279,4000.0
1727289265779,23.6299,200.0
1727289265964,23.62,900.0
1727289265971,23.6154,1.0
1727289266086,23.62,150.0
1727289266246,23.625,10.0
1727289266586,23.5991,100.0
1727289266880,23.625,100.0
1727289266880,23.625,500.0
1727289268197,23.625,25.0
1727289267753,23.625,1.0
1727289268532,23.62,230.0
1727289268533,23.62,475.0
1727289268534,23.6256,53.0
1727289268603,23.62,900.0
1727289268680,23.625,100.0
1727289268886,23.62,200.0
1727289268886,23.625,100.0
1727289269481,23.625,2.0
1727289270093,23.625,100.0
1727289270125,23.62,900.0
1727289270306,23.6288,1.0
1727289270817,23.6288,1.0
1727289271250,23.6058,100.0
1727289271271,23.6156,3.0
1727289271271,23.6156,10.0
1727289272476,23.62,3.0
1727289272479,23.625,34.0
1727289272044,23.6279,100.0
1727289272087,23.6217,4.0
1727289272781,23.6236,28.0
1727289272805,23.6156,5.0
1727289273071,23.625,11.0
1727289273211,23.625,1.0
1727289274032,23.62,330.0
1727289274074,23.625,100.0
1727289274358,23.62,900.0
1727289274410,23.6299,30.0
1727289274709,23.62,30.0
1727289275042,23.6299,22.0
1727289275760,23.625,5.0
1727289275951,23.625,36.0
1727289276077,23.625,100.0
1727289276457,23.624,1000.0
1727289276458,23.6241,50.0
1727289277801,23.626,100.0
1727289278361,23.625,132.0
1727289278511,23.626,76.0
1727289278522,23.6299,2.0
1727289278686,23.626,1.0
1727289278748,23.6061,100.0
1727289278737,23.6159,1.0
1727289278737,23.6159,1.0
1727289278790,23.625,34.0
1727289278799,23.62,4.0
1727289278907,23.63,50.0
1727289280300,23.6299,38.0
1727289280351,23.62,200.0
1727289280463,23.625,100.0
1727289280784,23.6263,100.0
1727289281082,23.6279,2.0
1727289281794,23.625,100.0
1727289282056,23.6225,1000.0
1727289282056,23.6222,56.0
1727289282056,23.6236,81.0
1727289282473,23.62,900.0
1727289283161,23.625,100.0
1727289283291,23.6182,1.0
1727289283714,23.6282,1.0
1727289284817,23.63,2033.0
1727289284818,23.63,85.0
1727289284131,23.6221,10.0
1727289284346,23.625,12.0
1727289284607,23.625,100.0
1727289284690,23.6295,100.0
1727289284690,23.6217,51.0
1727289285017,23.626,500.0
1727289285378,23.6287,4.0
1727289285923,23.6299,21.0
1727289285925,23.63,1.0
1727289286126,23.6205,500.0
1727289286528,23.628,10.0
1727289286711,23.625,1000.0
1727289286712,23.6242,86.0
1727289286959,23.625,200.0
1727289290603,23.6162,27.0
1727289290755,23.62,200.0
1727289349803,23.625,96.0
1727289349810,23.62,11.0
1727289349811,23.62,20.0
1727289349811,23.62,1.0
1727289349820,23.625,100.0
1727289352217,23.63,5.0
1727289351632,23.625,100.0
1727289351653,23.625,10.0
1727289351655,23.625,40.0
1727289351758,23.62,100.0
1727289351856,23.625,1.0
1727289352291,23.625,1.0
1727289352955,23.6273,1.0
1727289352996,23.625,4.0
1727289353438,23.625,1.0
1727289354104,23.62,42.0
1727289354199,23.6124,20.0
1727289354826,23.621,3000.0
1727289354841,23.625,100.0
1727289354882,23.625,100.0
1727289355117,23.6288,44.0
1727289355719,23.62,100.0
1727289355361,23.62,1.0
1727289355430,23.625,100.0
1727289355506,23.6269,125.0
1727289356014,23.629,400.0
1727289356021,23.625,100.0
1727289356183,23.6201,412.0
1727289356189,23.625,100.0
1727289356621,23.6299,2.0
1727289357116,23.62,500.0
1727289357134,23.625,100.0
1727289357248,23.625,1.0
1727289357248,23.625,17.0
1727289357486,23.62,140.0
1727289357756,23.62,42.0
1727289358447,23.625,20.0
1727289358708,23.625,15.0
1727289359215,23.63,200.0
1727289359224,23.625,100.0
1727289359646,23.62,100.0
1727289360334,23.62,100.0
1727289360841,23.625,20.0
1727289360988,23.625,3.0
1727289361393,23.62,32.0
1727289361955,23.625,43.0
1727289361983,23.625,1.0
1727289362043,23.6208,9800.0
1727289362044,23.6215,118.0
1727289362054,23.625,1000.0
1727289362058,23.625,500.0
1727289362069,23.625,200.0
1727289362088,23.625,100.0
1727289362115,23.625,12.0
1727289362116,23.625,10.0
1727289362117,23.625,4.0
1727289362119,23.625,37.0
1727289362159,23.6237,1.0
1727289362750,23.625,1.0
1727289363209,23.62,300.0
1727289363384,23.6229,1.0
1727289364748,23.625,25.0
1727289364821,23.6212,1.0
1727289364876,23.625,20.0
1727289364895,23.625,6.0
1727289364919,23.623,18.0
1727289365039,23.62,42.0
1727289365739,23.625,100.0
1727289365745,23.625,100.0
1727289366322,23.6244,1287.0
1727289366329,23.625,200.0
1727289366390,23.623,10.0
1727289366747,23.625,10.0
1727289366778,23.622,200.0
1727289367449,23.625,100.0
1727289367449,23.625,97.0
1727289367449,23.62,200.0
1727289367449,23.62,400.0
1727289367450,23.62,14.0
1727289367450,23.625,100.0
1727289367450,23.625,97.0
1727289367452,23.625,42.0
1727289367521,23.625,200.0
1727289368045,23.625,5.0
1727289368048,23.625,25.0
1727289367745,23.625,100.0
1727289368115,23.625,20.0
1727289368116,23.6066,18.0
1727289368361,23.62,1000.0
1727289368361,23.6233,50.0
1727289367869,23.625,100.0
1727289368680,23.625,300.0
1727289368681,23.625,1700.0
1727289368681,23.62,200.0
1727289368681,23.625,325.0
1727289368682,23.62,200.0
1727289368689,23.62,200.0
1727289368696,23.6231,1.0
1727289368705,23.6244,217.0
1727289368717,23.62,686.0
1727289368718,23.625,100.0
1727289368718,23.62,900.0
1727289368718,23.62,900.0
1727289368719,23.6226,51.0
1727289368723,23.625,300.0
1727289368732,23.625,100.0
1727289368794,23.62,200.0
1727289368794,23.62,900.0
1727289368795,23.62,900.0
1727289368803,23.625,300.0
1727289368809,23.625,100.0
1727289369395,23.62,22.0
1727289368971,23.625,50.0
1727289369657,23.62,42.0
1727289369752,23.625,1.0
1727289370007,23.6234,100.0
1727289370241,23.613,100.0
1727289370265,23.613,200.0
1727289370773,23.6237,1.0
1727289371739,23.625,50.0
1727289372153,23.625,1.0
1727289372518,23.625,500.0
1727289372523,23.625,100.0
1727289372800,23.625,5.0
1727289372868,23.63,1.0
1727289373473,23.6291,212.0
1727289373633,23.625,200.0
1727289373508,23.6288,1.0
1727289373579,23.625,1000.0
1727289373158,23.625,50.0
1727289373779,23.62,279.0
1727289373780,23.62,279.0
1727289373780,23.62,100.0
1727289373780,23.623,50.0
1727289373786,23.625,100.0
1727289374040,23.6068,6000.0
1727289374100,23.62,686.0
1727289374106,23.62,475.0
1727289374192,23.625,200.0
1727289374709,23.62,900.0
1727289374709,23.62,900.0
1727289374710,23.6206,51.0
1727289374420,23.63,4.0
1727289374420,23.625,77.0
1727289374420,23.625,136.0
1727289374420,23.63,336.0
1727289374420,23.62,200.0
1727289374420,23.62,100.0
1727289374420,23.62,200.0
1727289374420,23.62,200.0
1727289374420,23.62,200.0
1727289374420,23.62,100.0
1727289374420,23.62,900.0
1727289374420,23.62,100.0
1727289374421,23.62,900.0
1727289374421,23.62,900.0
1727289374421,23.625,100.0
1727289374421,23.62,100.0
1727289374421,23.6225,400.0
1727289374421,23.6214,53.0
1727289374422,23.62,200.0
1727289374422,23.62,900.0
1727289374422,23.62,100.0
1727289374422,23.62,200.0
1727289374422,23.62,100.0
1727289374432,23.625,1000.0
1727289374432,23.6227,59.0
1727289374436,23.625,300.0
1727289374462,23.62,900.0
1727289374462,23.62,900.0
1727289374463,23.62,900.0
1727289374463,23.62,900.0
1727289374468,23.625,300.0
1727289374475,23.625,300.0
1727289374494,23.625,100.0
1727289374494,23.62,900.0
1727289374494,23.62,900.0
1727289374495,23.62,900.0
1727289374495,23.62,900.0
1727289374495,23.6209,55.0
1727289374555,23.62,900.0
1727289374555,23.62,900.0
1727289374561,23.625,100.0
1727289374568,23.625,200.0
1727289374569,23.62,900.0
1727289374569,23.6203,57.0
1727289374569,23.62,900.0
1727289374578,23.625,300.0
1727289374611,23.62,900.0
1727289374611,23.62,900.0
1727289374621,23.625,300.0
1727289375001,23.62,900.0
1727289375002,23.62,900.0
1727289375002,23.62,900.0
1727289375017,23.625,400.0
1727289375025,23.625,100.0
1727289375089,23.62,900.0
1727289375089,23.62,429.0
1727289375099,23.625,200.0
1727289375149,23.625,85.0
1727289375198,23.62,900.0
1727289375199,23.62,900.0
1727289375199,23.6207,57.0
1727289375200,23.62,900.0
1727289375677,23.62,42.0
1727289375201,23.62,900.0
1727289375223,23.625,500.0
1727289375230,23.62,900.0
1727289375236,23.625,200.0
1727289375242,23.625,100.0
1727289375243,23.62,900.0
1727289375243,23.6208,53.0
1727289375281,23.62,900.0
1727289375281,23.62,900.0
1727289375287,23.625,300.0
1727289375314,23.625,1.0
1727289376037,23.6154,42.0
1727289376974,23.6299,10.0
1727289377157,23.62,500.0
1727289377714,23.625,1.0
1727289377172,23.62,120.0
1727289377467,23.625,5.0
1727289377474,23.62,3500.0
1727289377475,23.6208,65.0
1727289377583,23.625,3.0
1727289379132,23.625,100.0
1727289379263,23.62,42.0
1727289379312,23.6262,550.0
1727289378990,23.625,1000.0
1727289379009,23.625,100.0
1727289379011,23.6275,5.0
1727289377200,23.63,300.0
1727289377200,23.63,2.0
1727289377200,23.62,221.0
1727289377200,23.62,221.0
1727289377200,23.62,900.0
1727289377200,23.62,221.0
1727289377200,23.62,900.0
1727289377201,23.62,900.0
1727289377201,23.6208,55.0
1727289377202,23.62,221.0
1727289377202,23.62,900.0
1727289379440,23.625,100.0
1727289380407,23.6227,10.0
1727289381027,23.625,5.0
1727289380689,23.625,1.0
1727289380770,23.6275,2.0
1727289381284,23.628,1.0
1727289381981,23.625,1.0
1727289382452,23.6232,21.0
1727289382718,23.6146,100.0
1727289382811,23.628,1.0
1727289382918,23.625,500.0
1727289382920,23.625,100.0
1727289382921,23.625,400.0
1727289382937,23.625,500.0
1727289382924,23.625,100.0
1727289383158,23.625,44.0
1727289383164,23.625,100.0
1727289383366,23.625,1000.0
1727289383377,23.625,100.0
1727289383512,23.623,500.0
1727289383524,23.62,804.0
1727289383537,23.625,100.0
1727289383538,23.6244,50.0
1727289384123,23.625,173.0
1727289384128,23.625,100.0
1727289384191,23.62,20.0
1727289383680,23.625,100.0
1727289383768,23.625,33.0
1727289383928,23.6299,5.0
1727289385233,23.62,23.0
1727289386027,23.625,5.0
1727289386048,23.6212,198.0
1727289386423,23.62,5000.0
1727289386430,23.625,800.0
1727289386441,23.625,100.0
1727289386883,23.6232,1.0
1727289387165,23.625,400.0
1727289387248,23.625,12.0
1727289387256,23.625,100.0
1727289387757,23.62,200.0
1727289387757,23.62,40.0
1727289387757,23.62,734.0
1727289387757,23.62,100.0
1727289387757,23.62,100.0
1727289387758,23.62,100.0
1727289387758,23.62,86.0
1727289387758,23.62,4.0
1727289387758,23.62,200.0
1727289387757,23.62,266.0
1727289387758,23.62,100.0
1727289387758,23.62,180.0
1727289387758,23.62,47.0
1727289387758,23.62,500.0
1727289387758,23.62,100.0
1727289387758,23.6213,51.0
1727289387758,23.62,105.0
1727289387758,23.62,66.0
1727289387758,23.62,70.0
1727289387758,23.62,200.0
1727289387758,23.62,5.0
1727289387759,23.615,219.0
1727289387759,23.615,600.0
1727289387764,23.615,200.0
1727289387770,23.615,200.0
1727289387809,23.615,600.0
1727289388047,23.61,3.0
1727289388890,23.61,200.0
1727289388890,23.61,300.0
1727289388890,23.61,2.0
1727289388890,23.61,100.0
1727289388890,23.61,100.0
1727289388890,23.61,7.0
1727289388890,23.61,100.0
1727289388890,23.61,400.0
1727289388890,23.61,100.0
1727289388890,23.61,230.0
1727289388890,23.61,130.0
1727289388890,23.61,183.0
1727289388891,23.61,18.0
1727289388891,23.61,57.0
1727289388891,23.61,617.0
1727289388891,23.61,300.0
1727289388891,23.61,400.0
1727289388891,23.61,1.0
1727289388891,23.61,80.0
1727289388891,23.61,400.0
1727289388891,23.61,100.0
1727289388891,23.61,100.0
1727289388891,23.61,300.0
1727289388891,23.61,2.0
1727289388891,23.61,500.0
1727289388891,23.61,200.0
1727289388891,23.61,200.0
1727289388891,23.61,200.0
1727289388891,23.61,100.0
1727289388891,23.61,100.0
1727289388891,23.61,100.0
1727289388891,23.61,100.0
1727289388891,23.61,200.0
1727289388891,23.61,100.0
1727289388891,23.61,100.0
1727289388891,23.61,15.0
1727289388891,23.61,50.0
1727289388891,23.61,200.0
1727289388891,23.61,1689.0
1727289388891,23.61,169.0
1727289388891,23.61,50.0
1727289388891,23.61,25.0
1727289388891,23.615,5.0
1727289388891,23.61,4.0
1727289388891,23.6169,50.0
1727289388891,23.615,100.0
1727289388891,23.61,300.0
1727289388891,23.61,1.0
1727289388891,23.61,80.0
1727289388892,23.61,100.0
1727289388892,23.6101,50.0
1727289388892,23.61,700.0
1727289388892,23.61,1000.0
1727289388894,23.61,100.0
1727289388896,23.615,100.0
1727289388896,23.61,1.0
1727289388905,23.615,300.0
1727289388905,23.615,668.0
1727289388905,23.615,32.0
1727289388909,23.615,500.0
1727289388922,23.615,200.0
1727289388928,23.615,100.0
1727289389488,23.615,126.0
1727289389549,23.62,2.0
1727289389567,23.61,100.0
1727289389567,23.61,200.0
1727289389567,23.61,19.0
1727289389567,23.61,81.0
1727289389567,23.61,19.0
1727289389568,23.61,119.0
1727289389568,23.61,2.0
1727289389568,23.61,98.0
1727289389568,23.605,1100.0
1727289389568,23.605,100.0
1727289389569,23.6106,50.0
1727289390267,23.605,100.0
1727289390321,23.6037,35.0
1727289390589,23.6,2.0
1727289390626,23.605,100.0
1727289390832,23.6226,4.0
1727289390949,23.61,25.0
1727289390951,23.6,1.0
1727289390957,23.6052,1.0
1727289390957,23.6,1.0
1727289390959,23.6,8.0
1727289390961,23.6,1.0
1727289391255,23.6024,1084.0
1727289391286,23.6226,11.0
1727289391368,23.6,233.0
1727289391625,23.6066,100.0
1727289392158,23.61,100.0
1727289392215,23.605,900.0
1727289392224,23.605,200.0
1727289392341,23.605,5.0
1727289392352,23.605,100.0
1727289392354,23.605,100.0
1727289392359,23.605,4.0
1727289392444,23.605,140.0
1727289392569,23.6001,8.0
1727289392752,23.605,1.0
1727289392753,23.6215,32.0
1727289392795,23.605,1.0
1727289392916,23.6088,1.0
1727289393161,23.605,78.0
1727289393328,23.605,1.0
1727289394575,23.605,500.0
1727289394584,23.61,100.0
1727289394630,23.6081,600.0
1727289394637,23.61,100.0
1727289394637,23.61,100.0
1727289394637,23.61,8.0
1727289394667,23.61,60.0
1727289394674,23.605,300.0
1727289394895,23.605,12.0
1727289395194,23.6098,100.0
1727289395646,23.6059,129.0
1727289395654,23.605,100.0
1727289395654,23.605,100.0
1727289395655,23.6099,100.0
1727289395713,23.6071,222.0
1727289395961,23.61,40.0
1727289395964,23.6055,40.0
1727289395970,23.61,100.0
1727289395997,23.6099,40.0
1727289396147,23.6089,100.0
1727289396155,23.605,1.0
1727289396545,23.609,100.0
1727289396933,23.6148,200.0
1727289396946,23.605,100.0
1727289396946,23.605,600.0
1727289396966,23.61,40.0
1727289396966,23.61,60.0
1727289397808,23.6217,1.0
1727289397172,23.605,300.0
1727289397173,23.605,200.0
1727289397173,23.605,1300.0
1727289397175,23.605,500.0
1727289397176,23.605,400.0
1727289397176,23.6,100.0
1727289397176,23.6,120.0
1727289397179,23.605,100.0
1727289397184,23.605,200.0
1727289397185,23.605,3000.0
1727289397185,23.6056,60.0
1727289397187,23.605,124.0
1727289397190,23.605,100.0
1727289397192,23.605,200.0
1727289397193,23.605,100.0
1727289397198,23.61,240.0
1727289397198,23.61,260.0
1727289397193,23.605,100.0
1727289397202,23.61,60.0
1727289397202,23.61,49.0
1727289397202,23.61,300.0
1727289397202,23.61,191.0
1727289397209,23.6,3280.0
1727289397232,23.61,40.0
1727289397232,23.61,50.0
1727289397232,23.61,210.0
1727289397234,23.61,309.0
1727289397234,23.61,50.0
1727289397234,23.61,100.0
1727289397234,23.61,141.0
1727289397259,23.61,90.0
1727289397260,23.61,159.0
1727289397259,23.61,10.0
1727289397260,23.61,41.0
1727289397274,23.61,100.0
1727289397857,23.61,100.0
1727289397857,23.61,300.0
1727289397857,23.61,281.0
1727289397857,23.61,100.0
1727289397857,23.61,10.0
1727289397857,23.61,500.0
1727289397857,23.61,3.0
1727289397857,23.61,100.0
1727289397857,23.61,50.0
1727289397857,23.61,9.0
1727289397857,23.61,100.0
1727289397857,23.61,200.0
1727289397857,23.61,103.0
1727289397857,23.61,100.0
1727289397857,23.61,1.0
1727289397857,23.61,100.0
1727289397857,23.61,100.0
1727289397857,23.61,100.0
1727289397857,23.61,100.0
1727289397857,23.61,100.0
1727289397857,23.61,100.0
1727289397857,23.61,160.0
1727289397857,23.61,10.0
1727289397857,23.61,40.0
1727289397857,23.61,60.0
1727289397857,23.61,50.0
1727289397857,23.61,103.0
1727289397857,23.61,103.0
1727289397681,23.605,15.0
1727289398001,23.615,1.0
1727289398144,23.615,153.0
1727289398147,23.615,100.0
1727289398391,23.615,500.0
1727289398407,23.615,6.0
1727289398550,23.6197,2750.0
1727289398550,23.6105,58.0
1727289399001,23.62,7.0
1727289398796,23.6147,100.0
1727289399303,23.615,9.0
1727289399568,23.615,14.0
1727289399636,23.615,1.0
1727289400503,23.615,1.0
1727289401378,23.61,1.0
1727289401558,23.6119,50.0
1727289401709,23.6147,900.0
1727289401745,23.62,1.0
1727289401765,23.6147,400.0
1727289402181,23.615,400.0
1727289402620,23.6188,1.0
1727289402694,23.615,300.0
1727289402694,23.61,169.0
1727289402694,23.61,467.0
1727289402695,23.615,100.0
1727289402701,23.61,223.0
1727289402704,23.61,94.0
1727289402710,23.61,9.0
1727289402710,23.61,561.0
1727289402710,23.61,100.0
1727289402710,23.61,200.0
1727289402710,23.61,300.0
1727289402710,23.61,1.0
1727289402710,23.61,50.0
1727289402710,23.61,70.0
1727289402710,23.61,1.0
1727289402710,23.61,80.0
1727289402710,23.61,100.0
1727289402710,23.61,400.0
1727289402710,23.61,300.0
1727289402710,23.61,100.0
1727289402710,23.61,5.0
1727289402710,23.61,300.0
1727289402711,23.61,200.0
1727289402711,23.61,400.0
1727289402711,23.61,66.0
1727289402711,23.61,51.0
1727289402712,23.615,5.0
1727289402716,23.61,100.0
1727289402716,23.61,48.0
1727289402717,23.615,200.0
1727289402723,23.615,300.0
1727289402723,23.62,200.0
1727289402724,23.61,100.0
1727289402725,23.615,10.0
1727289402826,23.61,1000.0
1727289402931,23.615,200.0
1727289402940,23.615,100.0
1727289402948,23.615,11.0
1727289402953,23.615,1.0
1727289404052,23.615,600.0
1727289405091,23.6199,25.0
1727289406553,23.6213,1.0
1727289406688,23.6213,16.0
1727289407463,23.615,500.0
1727289407472,23.615,41.0
1727289407473,23.615,2.0
1727289407473,23.615,4.0
1727289473717,23.6103,6.0
1727289474355,23.61,5.0
1727289474585,23.619,8298.0
1727289474586,23.6179,157.0
1727289475122,23.6178,2.0
1727289476177,23.61,1.0
1727289476192,23.61,1.0
1727289476193,23.61,1.0
1727289476199,23.6107,16.0
1727289475394,23.61,42.0
1727289476205,23.61,3.0
1727289475532,23.61,5.0
1727289475543,23.61,100.0
1727289475543,23.61,100.0
1727289475546,23.61,138.0
1727289476166,23.61,1.0
1727289476168,23.615,48.0
1727289476407,23.61,7.0
1727289476411,23.61,338.0
1727289476681,23.6188,1.0
1727289477248,23.615,8.0
1727289477269,23.61,100.0
1727289477269,23.61,5.0
1727289477271,23.61,5.0
1727289477273,23.61,28.0
1727289477701,23.611,1000.0
1727289478279,23.61,336.0
1727289478096,23.61,20.0
1727289478485,23.6183,2.0
1727289478619,23.61,600.0
1727289479026,23.615,100.0
1727289479042,23.62,300.0
1727289479043,23.6114,52.0
1727289479059,23.61,11.0
1727289479062,23.61,31.0
1727289479203,23.61,200.0
1727289479235,23.6188,240.0
1727289479498,23.6209,72.0
1727289479309,23.6188,1.0
1727289479879,23.615,500.0
1727289480562,23.615,10.0
1727289480579,23.61,625.0
1727289480579,23.61,271.0
1727289480755,23.615,1.0
1727289480844,23.6107,9.0
1727289480997,23.615,22.0
1727289481065,23.615,6.0
1727289481161,23.615,700.0
1727289481965,23.615,7.0
1727289482615,23.6105,100.0
1727289483017,23.61,2.0
1727289483191,23.6103,200.0
1727289483394,23.6175,1.0
1727289483514,23.615,6.0
1727289483514,23.615,5.0
1727289483705,23.6111,500.0
1727289483705,23.6126,52.0
1727289483743,23.6126,300.0
1727289483984,23.61,2.0
1727289483984,23.61,16.0
1727289483986,23.61,10.0
1727289483986,23.61,2.0
1727289483986,23.61,7.0
1727289483986,23.61,71.0
1727289483986,23.61,200.0
1727289483987,23.61,29.0
1727289483987,23.61,100.0
1727289483987,23.61,100.0
1727289483987,23.61,50.0
1727289483987,23.61,100.0
1727289483987,23.61,50.0
1727289483987,23.61,30.0
1727289483992,23.6101,1.0
1727289484815,23.6189,10.0
1727289484895,23.615,6.0
1727289485092,23.615,423.0
1727289485696,23.6105,100.0
1727289485870,23.6188,1.0
1727289486397,23.6174,10.0
1727289487585,23.61,42.0
1727289487588,23.615,47.0
1727289487983,23.615,1.0
1727289488708,23.6172,2.0
1727289488922,23.61,29.0
1727289488922,23.61,1.0
1727289488922,23.61,51.0
1727289488922,23.61,8.0
1727289488922,23.61,50.0
1727289488923,23.605,100.0
1727289488923,23.605,100.0
1727289488923,23.605,100.0
1727289488923,23.61,100.0
1727289488924,23.61,100.0
1727289488924,23.61,300.0
1727289488924,23.61,100.0
1727289488924,23.605,400.0
1727289488930,23.6099,128.0
1727289488930,23.61,51.0
1727289489085,23.6005,100.0
1727289489343,23.61,100.0
1727289489414,23.6161,28.0
1727289489597,23.6083,2.0
1727289489634,23.61,100.0
1727289489844,23.61,100.0
1727289490344,23.61,100.0
1727289490565,23.6192,100.0
1727289490665,23.6092,10000.0
1727289490666,23.6091,180.0
1727289490699,23.61,100.0
1727289490699,23.605,100.0
1727289490699,23.605,100.0
1727289490699,23.605,60.0
1727289490715,23.605,100.0
1727289490715,23.605,100.0
1727289490731,23.6192,800.0
1727289490760,23.6167,1.0
1727289490867,23.61,2.0
1727289490867,23.61,15.0
1727289490867,23.605,65.0
1727289490867,23.605,100.0
1727289490868,23.605,100.0
1727289491008,23.6148,100.0
1727289491297,23.61,39.0
1727289491304,23.6099,26.0
1727289491351,23.605,100.0
1727289491443,23.6191,300.0
1727289493204,23.605,1.0
1727289494224,23.605,6.0
1727289496362,23.61,100.0
1727289496378,23.605,100.0
1727289497923,23.605,100.0
1727289497931,23.6065,170.0
1727289497932,23.605,100.0
1727289496862,23.61,100.0
1727289497007,23.605,19.0
1727289497008,23.605,16.0
1727289497009,23.605,7.0
1727289497009,23.605,52.0
1727289498303,23.605,99.0
1727289498688,23.603,1.0
1727289498783,23.6051,2.0
1727289498955,23.605,1.0
1727289499045,23.6099,500.0
1727289499261,23.605,10.0
1727289500037,23.6095,10.0
1727289501715,23.6154,1.0
1727289501867,23.6001,500.0
1727289501867,23.6,500.0
1727289501868,23.6055,56.0
1727289501868,23.6049,58.0
1727289501868,23.6043,1500.0
1727289501869,23.6032,66.0
1727289501869,23.6041,61.0
1727289502973,23.6099,4.0
1727289503061,23.605,2.0
1727289503918,23.6099,75.0
1727289504063,23.605,100.0
1727289504064,23.61,100.0
1727289504064,23.605,300.0
1727289504064,23.605,106.0
1727289504065,23.605,100.0
1727289504065,23.605,30.0
1727289504162,23.605,87.0
1727289504469,23.6,32.0
1727289504659,23.605,47.0
1727289505878,23.61,100.0
1727289506806,23.606,300.0
1727289506885,23.6148,1.0
1727289507212,23.605,1.0
1727289507219,23.6171,27.0
1727289507248,23.605,17.0
1727289507249,23.6052,50.0
1727289507267,23.6081,52.0
1727289507761,23.6146,18.0
1727289508635,23.603,1.0
1727289508828,23.6108,400.0
1727289508906,23.6149,5.0
1727289509930,23.605,90.0
1727289509946,23.6,110.0
1727289510284,23.606,1000.0
1727289510288,23.6075,7.0
1727289510492,23.61,400.0
1727289510492,23.61,150.0
1727289510492,23.61,300.0
1727289510492,23.61,400.0
1727289510492,23.61,200.0
1727289510492,23.61,100.0
1727289510492,23.61,200.0
1727289510492,23.61,100.0
1727289510492,23.61,100.0
1727289510492,23.61,50.0
1727289510492,23.61,200.0
1727289510492,23.61,100.0
1727289510492,23.61,300.0
1727289510492,23.61,800.0
1727289510492,23.61,200.0
1727289510492,23.61,86.0
1727289510492,23.61,100.0
1727289510492,23.605,518.0
1727289510492,23.61,100.0
1727289510492,23.61,1.0
1727289510492,23.605,518.0
1727289510492,23.61,100.0
1727289510492,23.61,100.0
1727289510492,23.61,300.0
1727289510492,23.61,300.0
1727289510492,23.61,11.0
1727289510493,23.61,100.0
1727289510493,23.61,100.0
1727289510493,23.61,100.0
1727289510493,23.61,500.0
1727289510493,23.61,300.0
1727289510493,23.61,300.0
1727289510493,23.61,50.0
1727289510493,23.61,100.0
1727289510493,23.61,300.0
1727289510493,23.605,200.0
1727289510493,23.605,518.0
1727289510493,23.61,42.0
1727289510493,23.61,190.0
1727289510493,23.61,200.0
1727289510493,23.61,12.0
1727289510493,23.61,1000.0
1727289510493,23.61,200.0
1727289510493,23.61,300.0
1727289510493,23.61,200.0
1727289510493,23.61,100.0
1727289510493,23.61,12.0
1727289510493,23.61,12.0
1727289510493,23.6082,53.0
1727289510493,23.6083,52.0
1727289510493,23.6089,58.0
1727289510625,23.6155,63.0
1727289510679,23.615,1.0
1727289510804,23.6133,25.0
1727289511288,23.6147,10.0
1727289511693,23.6112,1.0
1727289511746,23.61,5.0
1727289511925,23.6112,102.0
1727289511965,23.615,4.0
1727289512704,23.62,100.0
1727289513223,23.615,8.0
1727289513224,23.615,17.0
1727289513373,23.615,100.0
1727289513308,23.61,5280.0
1727289513309,23.6102,132.0
1727289513442,23.62,100.0
1727289513915,23.61,20.0
1727289514897,23.615,5.0
1727289514961,23.6195,200.0
1727289514973,23.6195,100.0
1727289515519,23.615,100.0
1727289515998,23.615,1000.0
1727289516341,23.6112,98.0
1727289517468,23.6183,100.0
1727289518410,23.6159,18.0
1727289518829,23.62,5.0
1727289519768,23.615,200.0
1727289519768,23.615,100.0
1727289519768,23.61,400.0
1727289519768,23.61,188.0
1727289519768,23.61,200.0
1727289519768,23.61,700.0
1727289519768,23.61,200.0
1727289519768,23.61,200.0
1727289519768,23.61,3.0
1727289519768,23.61,5.0
1727289519768,23.615,71.0
1727289519769,23.6131,58.0
1727289519771,23.615,48.0
1727289519812,23.6199,3.0
1727289519899,23.6199,311.0
1727289520055,23.615,100.0
1727289520124,23.62,1.0
1727289520153,23.6188,4.0
1727289520173,23.615,1.0
1727289520267,23.615,50.0
1727289520683,23.6195,100.0
1727289520773,23.615,25.0
1727289521185,23.61,4.0
1727289521695,23.6195,100.0
1727289521397,23.61,42.0
1727289522546,23.6194,1000.0
1727289523976,23.61,100.0
1727289522677,23.6174,50.0
1727289522980,23.6117,5.0
1727289522981,23.61,5.0
1727289524807,23.615,1.0
1727289524819,23.615,1.0
1727289524826,23.62,1.0
1727289524252,23.615,100.0
1727289524587,23.611,100.0
1727289525093,23.6156,1.0
1727289525258,23.6188,1.0
1727289523712,23.615,1000.0
1727289523712,23.6162,53.0
1727289523743,23.61,5000.0
1727289523744,23.61,85.0
1727289526562,23.6157,1.0
1727289526614,23.6164,80.0
1727289526181,23.61,42.0
1727289526260,23.6199,1000.0
1727289526363,23.615,200.0
1727289527194,23.615,1000.0
1727289527925,23.6199,100.0
1727289527940,23.615,100.0
1727289528525,23.615,10.0
1727289528628,23.615,10.0
1727289529432,23.6167,220.0
1727289529432,23.6168,780.0
1727289529433,23.6166,52.0
1727289529717,23.6191,4000.0
1727289529717,23.6187,81.0
1727289529742,23.615,42.0
1727289531135,23.615,500.0
1727289532335,23.6177,100.0
1727289531365,23.6112,1.0
1727289534503,23.61,42.0
1727289562871,23.615,1.0
1727289562871,23.615,1.0
1727289562882,23.6167,1000.0
1727289562882,23.6167,1000.0
1727289563005,23.61,1000.0
1727289563005,23.61,1000.0
1727289563045,23.6188,1.0
1727289563045,23.6188,1.0
1727289624419,23.625,800.0
1727289624419,23.625,800.0
1727289624546,23.6245,9.0
1727289624546,23.6245,9.0
1727289625059,23.626,500.0
1727289625059,23.626,500.0
1727289625554,23.63,5.0
1727289625554,23.63,5.0
1727289626721,23.625,50.0
1727289626721,23.625,50.0
1727289627071,23.624,20.0
1727289627071,23.624,20.0
1727289627239,23.625,100.0
1727289627239,23.625,100.0
1727289627404,23.63,40.0
1727289627404,23.63,260.0
1727289627404,23.63,40.0
1727289627404,23.63,260.0
1727289628887,23.6297,500.0
1727289628887,23.6297,500.0
1727289628907,23.6176,5.0
1727289628907,23.6176,5.0
1727289629139,23.63,10.0
1727289629142,23.629,1.0
1727289629142,23.629,1.0
1727289629139,23.63,10.0
1727289629142,23.629,1.0
1727289629142,23.629,1.0
1727289629381,23.625,100.0
1727289629381,23.625,100.0
1727289630245,23.625,1.0
1727289630245,23.625,1.0
1727289630680,23.63,4.0
1727289630680,23.63,4.0
1727289631180,23.625,100.0
1727289631180,23.625,100.0
1727289631181,23.625,100.0
1727289631181,23.625,100.0
1727289631290,23.618,10.0
1727289631290,23.618,1.0
1727289631290,23.618,10.0
1727289631290,23.618,1.0
1727289631950,23.6201,158.0
1727289631950,23.6201,158.0
1727289632026,23.6212,1.0
1727289632026,23.6212,1.0
1727289632065,23.6201,1.0
1727289632065,23.6201,1.0
1727289632710,23.62,100.0
1727289632710,23.62,100.0
1727289633675,23.625,100.0
1727289633675,23.625,100.0
1727289634665,23.625,47.0
1727289634665,23.625,47.0
1727289634183,23.6228,10.0
1727289634183,23.6228,10.0
1727289634356,23.62,775.0
1727289634356,23.62,775.0
1727289635113,23.6299,50.0
1727289635113,23.6299,50.0
1727289635837,23.6228,1.0
1727289635837,23.6228,1.0
1727289635884,23.6182,1.0
1727289635884,23.6182,1.0
1727289637204,23.6176,200.0
1727289637204,23.6176,200.0
1727289637275,23.6176,1700.0
1727289637275,23.6176,1700.0
1727289638784,23.625,478.0
1727289638784,23.625,478.0
1727289638711,23.63,2.0
1727289638715,23.6286,25.0
1727289638711,23.63,2.0
1727289638715,23.6286,25.0
1727289639031,23.625,100.0
1727289639031,23.6225,300.0
1727289639031,23.62,100.0
1727289639031,23.625,100.0
1727289639031,23.62,671.0
1727289639031,23.62,300.0
1727289639031,23.62,686.0
1727289639031,23.62,300.0
1727289639032,23.62,686.0
1727289639032,23.62,200.0
1727289639032,23.62,100.0
1727289639033,23.62,475.0
1727289639033,23.62,200.0
1727289639033,23.62,100.0
1727289639033,23.62,100.0
1727289639033,23.62,100.0
1727289639033,23.62,200.0
1727289639033,23.62,686.0
1727289639033,23.62,100.0
1727289639031,23.625,100.0
1727289639031,23.6225,300.0
1727289639031,23.62,100.0
1727289639031,23.625,100.0
1727289639031,23.62,300.0
1727289639031,23.62,686.0
1727289639031,23.62,300.0
1727289639032,23.62,686.0
1727289639032,23.62,200.0
1727289639032,23.62,100.0
1727289639033,23.62,475.0
1727289639033,23.62,200.0
1727289639033,23.62,100.0
1727289639033,23.62,100.0
1727289639033,23.62,100.0
1727289639033,23.62,200.0
1727289639033,23.62,686.0
1727289639031,23.62,671.0
1727289639033,23.62,100.0
1727289639819,23.6224,72.0
1727289639220,23.62,300.0
1727289639221,23.62,100.0
1727289639221,23.62,100.0
1727289639220,23.62,300.0
1727289639289,23.625,200.0
1727289639289,23.625,200.0
1727289639819,23.6224,72.0
1727289639830,23.6208,61.0
1727289639839,23.6274,15.0
1727289639830,23.6208,61.0
1727289639849,23.625,200.0
1727289639850,23.62,200.0
1727289639850,23.62,100.0
1727289639850,23.62,100.0
1727289639850,23.62,200.0
1727289639850,23.62,300.0
1727289639850,23.62,1300.0
1727289639850,23.62,6.0
1727289639850,23.62,5.0
1727289639850,23.62,50.0
1727289639850,23.62,94.0
1727289639850,23.62,500.0
1727289639850,23.62,100.0
1727289639850,23.62,100.0
1727289639850,23.62,100.0
1727289639850,23.62,2.0
1727289639850,23.62,48.0
1727289639850,23.62,20.0
1727289639868,23.6199,600.0
1727289639850,23.62,80.0
1727289639850,23.62,80.0
1727289639850,23.62,200.0
1727289639850,23.62,100.0
1727289639850,23.62,100.0
1727289639850,23.62,100.0
1727289639850,23.62,10.0
1727289639850,23.62,1300.0
1727289639850,23.62,70.0
1727289639850,23.62,230.0
1727289639850,23.62,100.0
1727289639850,23.62,57.0
1727289639850,23.62,200.0
1727289639850,23.62,58.0
1727289639851,23.62,100.0
1727289639850,23.62,90.0
1727289639851,23.62,100.0
1727289639850,23.62,300.0
1727289639850,23.62,6.0
1727289639851,23.62,100.0
1727289639851,23.62,50.0
1727289639851,23.62,100.0
1727289639850,23.62,5.0
1727289639851,23.62,300.0
1727289639850,23.62,50.0
1727289639851,23.62,10.0
1727289639850,23.62,94.0
1727289639850,23.62,500.0
1727289639851,23.62,100.0
1727289639851,23.62,92.0
1727289639851,23.62,100.0
1727289639851,23.62,400.0
1727289639851,23.62,50.0
1727289639850,23.62,100.0
1727289639850,23.62,100.0
1727289639851,23.62,83.0
1727289639850,23.62,100.0
1727289639850,23.62,2.0
1727289639850,23.62,48.0
1727289639850,23.62,20.0
1727289639850,23.62,80.0
1727289639851,23.62,2.0
1727289639850,23.62,80.0
1727289639851,23.62,80.0
1727289639850,23.62,100.0
1727289639850,23.62,10.0
1727289639851,23.62,80.0
1727289639850,23.62,70.0
1727289639850,23.62,230.0
1727289639850,23.62,100.0
1727289639851,23.62,70.0
1727289639851,23.62,100.0
1727289639851,23.62,200.0
1727289639850,23.62,90.0
1727289639851,23.62,5.0
1727289639839,23.6274,15.0
1727289639850,23.62,57.0
1727289639852,23.62,50.0
1727289639852,23.62,200.0
1727289639852,23.62,400.0
1727289639850,23.62,58.0
1727289639851,23.62,100.0
1727289639851,23.62,50.0
1727289639851,23.62,100.0
1727289639851,23.62,100.0
1727289639851,23.62,10.0
1727289639851,23.62,100.0
1727289639851,23.62,300.0
1727289639851,23.62,100.0
1727289639851,23.62,92.0
1727289639851,23.62,100.0
1727289639851,23.62,400.0
1727289639851,23.62,50.0
1727289639851,23.62,83.0
1727289639849,23.625,200.0
1727289639851,23.62,2.0
1727289639851,23.62,80.0
1727289639851,23.62,80.0
1727289639851,23.62,70.0
1727289639851,23.62,100.0
1727289639851,23.62,200.0
1727289639851,23.62,5.0
1727289639852,23.62,50.0
1727289639852,23.62,200.0
1727289639852,23.62,400.0
1727289639868,23.6199,600.0
1727289639656,23.625,1600.0
1727289639656,23.625,1600.0
1727289639669,23.62,1100.0
1727289639669,23.62,1100.0
1727289640496,23.615,100.0
1727289640496,23.615,100.0
1727289640497,23.615,100.0
1727289640496,23.615,100.0
1727289640496,23.615,100.0
1727289640497,23.615,100.0
1727289640537,23.615,100.0
1727289640538,23.615,100.0
1727289640540,23.615,182.0
1727289640537,23.615,100.0
1727289640538,23.615,100.0
1727289640540,23.615,182.0
1727289640730,23.6195,700.0
1727289640730,23.6195,700.0
1727289640799,23.615,300.0
1727289640800,23.615,100.0
1727289640800,23.615,400.0
1727289640801,23.615,100.0
1727289640799,23.615,300.0
1727289640800,23.615,100.0
1727289640800,23.615,400.0
1727289640801,23.615,100.0
1727289641499,23.615,1.0
1727289641499,23.615,1.0
1727289641605,23.6185,8.0
1727289641605,23.6185,8.0
1727289641679,23.616,400.0
1727289641679,23.616,400.0
1727289643581,23.6142,100.0
1727289643581,23.6142,100.0
1727289644373,23.6199,1.0
1727289644373,23.6199,1.0
1727289645333,23.614,100.0
1727289645333,23.614,100.0
1727289645639,23.615,10.0
1727289645639,23.615,10.0
1727289646027,23.6122,45.0
1727289646027,23.6122,45.0
1727289646467,23.6172,150.0
1727289646467,23.6172,150.0
1727289646682,23.615,200.0
1727289646682,23.615,200.0
1727289646700,23.615,500.0
1727289646700,23.615,500.0
1727289647172,23.6256,60.0
1727289647172,23.6256,60.0
1727289647206,23.6186,1.0
1727289647206,23.6186,1.0
1727289646799,23.615,1.0
1727289646799,23.615,1.0
1727289647066,23.6121,10.0
1727289647066,23.6121,10.0
1727289647393,23.6199,100.0
1727289647393,23.6199,100.0
1727289647492,23.615,500.0
1727289647492,23.615,500.0
1727289647979,23.6117,500.0
1727289647979,23.6117,500.0
1727289648785,23.615,200.0
1727289648785,23.615,200.0
1727289648826,23.615,16.0
1727289648834,23.6126,1.0
1727289648826,23.615,16.0
1727289648834,23.6126,1.0
1727289649195,23.611,23.0
1727289649195,23.611,23.0
1727289649331,23.615,1.0
1727289649331,23.615,1.0
1727289649355,23.61,416.0
1727289649355,23.61,100.0
1727289649362,23.61,500.0
1727289649355,23.61,416.0
1727289649355,23.61,100.0
1727289649362,23.61,500.0
1727289649721,23.6185,68.0
1727289649721,23.6185,68.0
1727289650665,23.615,48.0
1727289650665,23.615,48.0
1727289650680,23.615,20.0
1727289650687,23.6174,31.0
1727289650688,23.6173,50.0
1727289650680,23.615,20.0
1727289650687,23.6174,31.0
1727289650688,23.6173,50.0
1727289650690,23.615,89.0
1727289650690,23.615,89.0
1727289650943,23.6117,1416.0
1727289650943,23.6117,1416.0
1727289651014,23.6146,100.0
1727289651014,23.6146,100.0
1727289651134,23.615,6.0
1727289651134,23.615,6.0
1727289651968,23.6199,1.0
1727289651968,23.6199,1.0
1727289652085,23.6199,12.0
1727289652085,23.6199,12.0
1727289652964,23.6185,5.0
1727289652964,23.6185,5.0
1727289653702,23.61,100.0
1727289653702,23.61,100.0
1727289654252,23.615,2.0
1727289654252,23.615,2.0
1727289654263,23.6178,17.0
1727289654263,23.6178,17.0
1727289654415,23.615,1.0
1727289654415,23.615,1.0
1727289655199,23.6126,500.0
1727289655199,23.6126,500.0
1727289655259,23.61,200.0
1727289655259,23.61,200.0
1727289655313,23.615,1.0
1727289655313,23.615,1.0
1727289655519,23.61,1.0
1727289655519,23.61,300.0
1727289655519,23.61,100.0
1727289655519,23.61,11.0
1727289655519,23.61,100.0
1727289655519,23.61,9.0
1727289655519,23.61,79.0
1727289655519,23.61,50.0
1727289655519,23.61,400.0
1727289655519,23.61,32.0
1727289655519,23.61,100.0
1727289655519,23.61,18.0
1727289655519,23.61,55.0
1727289655519,23.61,100.0
1727289655519,23.61,100.0
1727289655519,23.61,10.0
1727289655519,23.61,400.0
1727289655519,23.61,100.0
1727289655519,23.61,100.0
1727289655519,23.61,50.0
1727289655519,23.61,50.0
1727289655520,23.61,5.0
1727289655520,23.61,25.0
1727289655520,23.61,40.0
1727289655519,23.61,1.0
1727289655519,23.61,300.0
1727289655519,23.61,100.0
1727289655519,23.61,11.0
1727289655519,23.61,100.0
1727289655519,23.61,9.0
1727289655519,23.61,79.0
1727289655519,23.61,50.0
1727289655519,23.61,400.0
1727289655519,23.61,32.0
1727289655519,23.61,100.0
1727289655519,23.61,18.0
1727289655519,23.61,55.0
1727289655519,23.61,100.0
1727289655519,23.61,100.0
1727289655519,23.61,10.0
1727289655519,23.61,400.0
1727289655519,23.61,100.0
1727289655519,23.61,100.0
1727289655519,23.61,50.0
1727289655519,23.61,50.0
1727289655520,23.61,5.0
1727289655520,23.61,25.0
1727289655520,23.61,40.0
1727289655640,23.6184,11.0
1727289655640,23.6184,1.0
1727289655640,23.6184,11.0
1727289655640,23.6184,1.0
1727289655847,23.615,200.0
1727289655847,23.615,200.0
1727289656400,23.6106,500.0
1727289656400,23.6106,500.0
1727289656460,23.615,60.0
1727289656460,23.615,60.0
1727289656683,23.615,100.0
1727289656683,23.615,100.0
1727289656719,23.61,15.0
1727289656719,23.61,15.0
1727289657085,23.615,2.0
1727289657085,23.615,2.0
1727289657926,23.6173,100.0
1727289657926,23.6173,100.0
1727289659844,23.6151,20.0
1727289659844,23.6151,20.0
1727289659943,23.615,1.0
1727289659943,23.615,1.0
1727289659943,23.615,7.0
1727289659943,23.615,28.0
1727289659945,23.615,16.0
1727289659943,23.615,1.0
1727289659943,23.615,1.0
1727289659943,23.615,7.0
1727289659943,23.615,28.0
1727289659945,23.615,16.0
1727289660619,23.6188,1.0
1727289660619,23.6188,1.0
1727289660657,23.6188,64.0
1727289660657,23.6188,64.0
1727289661035,23.615,40.0
1727289660709,23.61,11.0
1727289660710,23.6112,51.0
1727289660709,23.61,11.0
1727289661035,23.615,40.0
1727289660710,23.6112,51.0
1727289662165,23.6012,1.0
1727289661428,23.6254,1.0
1727289662165,23.6012,1.0
1727289661428,23.6254,1.0
1727289661567,23.61,100.0
1727289661567,23.61,167.0
1727289661567,23.61,5.0
1727289661569,23.61,1.0
1727289661570,23.61,16.0
1727289661570,23.61,84.0
1727289661570,23.61,300.0
1727289661570,23.61,58.0
1727289661570,23.61,82.0
1727289661570,23.61,50.0
1727289661570,23.61,5.0
1727289661570,23.61,2.0
1727289661570,23.6,5.0
1727289661567,23.61,100.0
1727289661567,23.61,167.0
1727289661567,23.61,5.0
1727289661569,23.61,1.0
1727289661570,23.61,16.0
1727289661570,23.61,84.0
1727289661570,23.61,300.0
1727289661570,23.61,58.0
1727289661570,23.61,82.0
1727289661570,23.61,50.0
1727289661570,23.61,5.0
1727289661570,23.61,2.0
1727289661570,23.6,5.0
1727289661655,23.605,323.0
1727289661655,23.605,323.0
1727289662026,23.605,42.0
1727289662026,23.605,42.0
1727289662773,23.6,2.0
1727289662773,23.6,2.0
1727289662794,23.605,1.0
1727289662794,23.605,1.0
1727289664208,23.61,1.0
1727289663697,23.6088,10.0
1727289663697,23.6088,10.0
1727289664043,23.61,19.0
1727289664043,23.61,19.0
1727289664208,23.61,1.0
1727289664425,23.605,40.0
1727289664425,23.605,40.0
1727289664462,23.605,100.0
1727289664467,23.605,200.0
1727289664462,23.605,100.0
1727289664467,23.605,200.0
1727289666276,23.6088,1.0
1727289666276,23.6088,8.0
1727289666276,23.6088,1.0
1727289666276,23.6088,8.0
1727289666069,23.61,43.0
1727289666381,23.6067,49.0
1727289666069,23.61,43.0
1727289666381,23.6067,49.0
1727289666223,23.605,30.0
1727289666223,23.605,30.0
1727289666392,23.6067,1.0
1727289666392,23.6067,1.0
1727289667497,23.605,2022.0
1727289667497,23.605,95.0
1727289667497,23.605,2022.0
1727289667497,23.605,95.0
1727289667568,23.6171,100.0
1727289667568,23.6171,100.0
1727289666972,23.6194,1.0
1727289666972,23.6194,1.0
1727289667412,23.6147,400.0
1727289667412,23.6147,400.0
1727289667947,23.6251,3.0
1727289667947,23.6251,3.0
1727289668043,23.605,20.0
1727289668043,23.605,20.0
1727289668125,23.605,10.0
1727289668125,23.605,10.0
1727289668546,23.62,3.0
1727289668546,23.62,3.0
1727289668457,23.6002,300.0
1727289668457,23.6002,300.0
1727289668971,23.605,7.0
1727289668971,23.605,7.0
1727289669087,23.6069,10.0
1727289669092,23.6255,100.0
1727289669087,23.6069,10.0
1727289669092,23.6255,100.0
1727289669473,23.6243,26.0
1727289669473,23.6243,26.0
1727289669492,23.6036,500.0
1727289669493,23.6056,52.0
1727289669492,23.6036,500.0
1727289669493,23.6056,52.0
1727289669950,23.6037,400.0
1727289669950,23.6037,400.0
1727289670630,23.61,4.0
1727289670632,23.61,1.0
1727289670630,23.61,4.0
1727289670632,23.61,1.0
1727289670808,23.6,2000.0
1727289670808,23.6,2000.0
1727289671262,23.6099,73.0
1727289671262,23.6099,73.0
1727289671531,23.605,300.0
1727289671531,23.605,300.0
1727289671591,23.6172,23.0
1727289671591,23.6172,23.0
1727289671611,23.6215,100.0
1727289671611,23.6215,100.0
1727289671663,23.605,48.0
1727289671663,23.605,48.0
1727289672233,23.605,4.0
1727289672239,23.6074,25.0
1727289672233,23.605,4.0
1727289672239,23.6074,25.0
1727289672702,23.605,100.0
1727289672711,23.6169,100.0
1727289672702,23.605,100.0
1727289672711,23.6169,100.0
1727289673039,23.605,300.0
1727289673039,23.605,300.0
1727289673331,23.605,30.0
1727289673331,23.605,30.0
1727289673577,23.6201,12.0
1727289673577,23.6201,12.0
1727289673862,23.605,100.0
1727289673862,23.605,100.0
1727289673862,23.605,100.0
1727289673862,23.605,100.0
1727289674246,23.605,1.0
1727289674246,23.605,1.0
1727289675298,23.6,9.0
1727289675298,23.6,9.0
1727289675595,23.6201,5.0
1727289675595,23.6201,5.0
1727289675920,23.6045,76.0
1727289675920,23.604533,76.0
1727289675953,23.6012,1.0
1727289675953,23.6012,1.0
1727289676503,23.605,40.0
1727289676503,23.605,40.0
1727289676838,23.6,275.0
1727289676838,23.6,275.0
1727289677323,23.6099,1.0
1727289677323,23.6099,1.0
1727289677433,23.6099,10.0
1727289677433,23.6099,10.0
1727289677770,23.6099,1.0
1727289677770,23.6099,1.0
1727289678013,23.605,20.0
1727289678013,23.605,20.0
1727289678080,23.605,10.0
1727289678080,23.605,10.0
1727289678504,23.6088,1.0
1727289678504,23.6088,1.0
1727289679291,23.6164,100.0
1727289679291,23.6164,100.0
1727289679492,23.6202,9.0
1727289679492,23.6202,9.0
1727289682690,23.61,143.0
1727289682690,23.605,300.0
1727289682690,23.6025,52.0
1727289682690,23.61,143.0
1727289682690,23.605,300.0
1727289682690,23.6025,52.0
1727289744771,23.6175,100.0
1727289744771,23.6175,100.0
1727289744884,23.63,99.0
1727289744885,23.63,100.0
1727289744884,23.63,99.0
1727289744885,23.63,100.0
1727289744922,23.6288,1.0
1727289744922,23.6288,1.0
1727289744922,23.6288,1.0
1727289744922,23.6288,1.0
1727289745087,23.625,35.0
1727289745087,23.625,35.0
1727289745706,23.63,8.0
1727289745706,23.63,8.0
1727289745825,23.625,1000.0
1727289745835,23.618,100.0
1727289745825,23.625,1000.0
1727289745835,23.618,100.0
1727289745853,23.625,1.0
1727289745853,23.625,1.0
1727289746107,23.625,176.0
1727289746107,23.625,176.0
1727289746503,23.625,1.0
1727289746503,23.625,1.0
1727289746898,23.625,285.0
1727289746898,23.625,285.0
1727289747125,23.62,100.0
1727289747125,23.62,100.0
1727289747224,23.6299,1.0
1727289747224,23.6299,1.0
1727289747839,23.6234,500.0
1727289747840,23.6244,55.0
1727289747839,23.6234,500.0
1727289747840,23.6244,55.0
1727289747859,23.624,30.0
1727289747859,23.624,30.0
1727289748908,23.6142,6.0
1727289748908,23.6142,6.0
1727289749047,23.625,1.0
1727289749047,23.625,1.0
1727289749713,23.62,400.0
1727289749713,23.62,400.0
1727289750273,23.6142,1.0
1727289750273,23.6142,1.0
1727289751047,23.625,200.0
1727289751047,23.625,200.0
1727289751062,23.6288,1.0
1727289751062,23.6288,1.0
1727289750719,23.625,20.0
1727289750719,23.625,20.0
1727289750798,23.6166,100.0
1727289750798,23.6166,100.0
1727289751139,23.625,13.0
1727289751139,23.625,13.0
1727289751296,23.6142,11.0
1727289751296,23.6142,11.0
1727289751549,23.627,500.0
1727289751549,23.627,500.0
1727289752105,23.6201,100.0
1727289752105,23.6201,100.0
1727289752665,23.625,50.0
1727289752665,23.625,50.0
1727289752826,23.625,149.0
1727289752826,23.625,300.0
1727289752826,23.63,398.0
1727289752826,23.63,1.0
1727289752826,23.63,3.0
1727289752826,23.63,300.0
1727289752826,23.63,200.0
1727289752826,23.63,136.0
1727289752826,23.63,100.0
1727289752826,23.63,574.0
1727289752826,23.63,7.0
1727289752826,23.63,800.0
1727289752826,23.63,200.0
1727289752826,23.63,100.0
1727289752826,23.63,150.0
1727289752826,23.63,780.0
1727289752826,23.63,50.0
1727289752826,23.63,352.0
1727289752826,23.63,248.0
1727289752826,23.63,100.0
1727289752826,23.63,100.0
1727289752826,23.63,80.0
1727289752826,23.63,1000.0
1727289752826,23.63,3872.0
1727289752827,23.63,1.0
1727289752827,23.63,1.0
1727289752827,23.625,400.0
1727289752827,23.625,400.0
1727289752827,23.625,400.0
1727289752827,23.6261,51.0
1727289752827,23.625,400.0
1727289752827,23.625,80.0
1727289752827,23.63,54.0
1727289752827,23.63,110.0
1727289752827,23.625,100.0
1727289752826,23.625,149.0
1727289752826,23.625,300.0
1727289752826,23.63,398.0
1727289752826,23.63,1.0
1727289752826,23.63,3.0
1727289752826,23.63,300.0
1727289752826,23.63,200.0
1727289752826,23.63,136.0
1727289752826,23.63,100.0
1727289752826,23.63,574.0
1727289752826,23.63,7.0
1727289752826,23.63,800.0
1727289752826,23.63,200.0
1727289752826,23.63,100.0
1727289752826,23.63,150.0
1727289752826,23.63,780.0
1727289752826,23.63,50.0
1727289752826,23.63,352.0
1727289752826,23.63,248.0
1727289752826,23.63,100.0
1727289752826,23.63,100.0
1727289752826,23.63,80.0
1727289752826,23.63,1000.0
1727289752826,23.63,3872.0
1727289752827,23.63,1.0
1727289752827,23.63,1.0
1727289752827,23.625,400.0
1727289752827,23.625,400.0
1727289752827,23.625,400.0
1727289752827,23.6261,51.0
1727289752827,23.625,400.0
1727289752827,23.625,80.0
1727289752827,23.63,54.0
1727289752827,23.63,110.0
1727289752827,23.625,100.0
1727289753784,23.625,300.0
1727289753784,23.62,1300.0
1727289753784,23.62,100.0
1727289753784,23.62,300.0
1727289753784,23.62,100.0
1727289753784,23.62,150.0
1727289753784,23.62,200.0
1727289753784,23.62,200.0
1727289753784,23.62,50.0
1727289753784,23.62,1.0
1727289753784,23.62,10.0
1727289753784,23.62,1.0
1727289753784,23.62,400.0
1727289753784,23.62,100.0
1727289753784,23.62,2.0
1727289753784,23.62,2.0
1727289753784,23.62,5.0
1727289753784,23.62,1.0
1727289753784,23.62,100.0
1727289753784,23.62,100.0
1727289753784,23.62,100.0
1727289753784,23.625,100.0
1727289753785,23.625,100.0
1727289753785,23.6231,64.0
1727289753786,23.6204,50.0
1727289753784,23.625,300.0
1727289753784,23.62,1300.0
1727289753784,23.62,100.0
1727289753784,23.62,300.0
1727289753784,23.62,100.0
1727289753784,23.62,150.0
1727289753784,23.62,200.0
1727289753784,23.62,200.0
1727289753784,23.62,50.0
1727289753784,23.62,1.0
1727289753784,23.62,10.0
1727289753784,23.62,1.0
1727289753784,23.62,400.0
1727289753784,23.62,100.0
1727289753784,23.62,2.0
1727289753784,23.62,2.0
1727289753784,23.62,5.0
1727289753784,23.62,1.0
1727289753784,23.62,100.0
1727289753784,23.62,100.0
1727289753784,23.62,100.0
1727289753784,23.625,100.0
1727289753785,23.625,100.0
1727289753785,23.6231,64.0
1727289753786,23.6204,50.0
1727289753818,23.624,210.0
1727289753818,23.624,210.0
1727289754101,23.62,200.0
1727289754101,23.62,300.0
1727289754101,23.62,100.0
1727289754102,23.62,41.0
1727289754102,23.62,40.0
1727289754102,23.62,100.0
1727289754102,23.62,100.0
1727289754102,23.62,100.0
1727289754102,23.62,100.0
1727289754102,23.62,100.0
1727289754102,23.62,100.0
1727289754102,23.62,100.0
1727289754102,23.62,100.0
1727289754104,23.62,5.0
1727289754101,23.62,200.0
1727289754101,23.62,300.0
1727289754101,23.62,100.0
1727289754102,23.62,41.0
1727289754102,23.62,40.0
1727289754102,23.62,100.0
1727289754102,23.62,100.0
1727289754102,23.62,100.0
1727289754102,23.62,100.0
1727289754102,23.62,100.0
1727289754102,23.62,100.0
1727289754102,23.62,100.0
1727289754102,23.62,100.0
1727289754104,23.62,5.0
1727289754142,23.6195,20.0
1727289754142,23.6195,20.0
1727289754284,23.61,2000.0
1727289754284,23.6157,85.0
1727289754284,23.6157,85.0
1727289754284,23.61,2000.0
1727289754372,23.6101,1.0
1727289754372,23.6101,1.0
1727289755546,23.61,1.0
1727289755546,23.61,1.0
1727289755697,23.615,400.0
1727289755697,23.615,400.0
1727289755888,23.6158,1.0
1727289755888,23.6158,1.0
1727289756166,23.6182,100.0
1727289756166,23.6182,100.0
1727289756234,23.6173,1.0
1727289756234,23.6173,1.0
1727289756690,23.6184,100.0
1727289756690,23.6184,100.0
1727289758807,23.618,1.0
1727289758807,23.618,1.0
1727289758583,23.61,800.0
1727289758583,23.61,800.0
1727289760126,23.615,65.0
1727289760126,23.615,65.0
1727289760270,23.6128,20.0
1727289760270,23.6128,20.0
1727289761552,23.6165,200.0
1727289761552,23.6165,200.0
1727289762231,23.62,1000.0
1727289762231,23.62,1000.0
1727289762242,23.6101,700.0
1727289762242,23.6101,700.0
1727289762675,23.614,100.0
1727289762676,23.6143,51.0
1727289762676,23.6188,1.0
1727289762675,23.614,100.0
1727289762676,23.6143,51.0
1727289762676,23.6188,1.0
1727289762843,23.6188,4.0
1727289762843,23.6188,4.0
1727289762898,23.618,50.0
1727289762898,23.618,50.0
1727289763168,23.6165,400.0
1727289763168,23.6165,400.0
1727289763817,23.6188,1.0
1727289763817,23.6188,1.0
1727289764425,23.615,100.0
1727289764425,23.615,100.0
1727289764528,23.615,111.0
1727289764528,23.615,111.0
1727289764647,23.6165,400.0
