timestamp(ms since Epoch),last price,volume
1727288868686,574.128,1.0
1727288868686,574.128,1.0
1727288869841,574.215,25.0
1727288869841,574.215,25.0
1727288870430,574.215,2.0
1727288870430,574.215,2.0
1727288870634,574.215,300.0
1727288870634,574.215,300.0
1727288870741,574.25,1.0
1727288870742,574.215,4.0
1727288870742,574.26,4.0
1727288870741,574.25,1.0
1727288870742,574.215,4.0
1727288870742,574.26,4.0
1727288870925,574.215,1.0
1727288870925,574.215,1.0
1727288871021,574.1612,1.0
1727288871021,574.1612,1.0
1727288871576,574.255,3.0
1727288871576,574.255,3.0
1727288871825,574.255,1.0
1727288871825,574.255,1.0
1727288872025,574.27,1.0
1727288872025,574.27,1.0
1727288872058,574.4023,1.0
1727288872058,574.4023,1.0
1727288872139,574.16,1.0
1727288872139,574.16,1.0
1727288872297,574.2681,18.0
1727288872307,574.2175,4.0
1727288872297,574.2681,18.0
1727288872307,574.2175,4.0
1727288872572,574.259,1.0
1727288872572,574.259,1.0
1727288873151,574.45,25.0
1727288872748,574.215,6.0
1727288872748,574.215,6.0
1727288873345,574.355,1.0
1727288873345,574.355,25.0
1727288873345,574.355,4.0
1727288873345,574.355,20.0
1727288873026,574.22,25.0
1727288873026,574.2,10.0
1727288873026,574.2,6.0
1727288873026,574.2,25.0
1727288873026,574.19,10.0
1727288873026,574.19,2.0
1727288873026,574.27,6.0
1727288873026,574.245,25.0
1727288873026,574.25,99.0
1727288873026,574.26,1.0
1727288873026,574.245,25.0
1727288873026,574.27,16.0
1727288873026,574.27,100.0
1727288873026,574.27,8.0
1727288873026,574.28,5.0
1727288873026,574.28,1.0
1727288873026,574.28,2.0
1727288873026,574.28,15.0
1727288873026,574.28,1.0
1727288873026,574.28,1.0
1727288873026,574.28,200.0
1727288873026,574.28,51.0
1727288873026,574.29,10.0
1727288873026,574.29,100.0
1727288873026,574.33,1.0
1727288873026,574.33,11.0
1727288873026,574.33,189.0
1727288873026,574.27,5.0
1727288873027,574.275,50.0
1727288873027,574.2574,20.0
1727288873026,574.22,25.0
1727288873026,574.2,10.0
1727288873026,574.2,6.0
1727288873026,574.2,25.0
1727288873026,574.19,10.0
1727288873026,574.19,2.0
1727288873026,574.27,6.0
1727288873026,574.245,25.0
1727288873026,574.25,99.0
1727288873026,574.26,1.0
1727288873026,574.245,25.0
1727288873026,574.27,16.0
1727288873026,574.27,100.0
1727288873026,574.27,8.0
1727288873026,574.28,5.0
1727288873026,574.28,1.0
1727288873026,574.28,2.0
1727288873026,574.28,15.0
1727288873026,574.28,1.0
1727288873026,574.28,1.0
1727288873026,574.28,200.0
1727288873026,574.28,51.0
1727288873026,574.29,10.0
1727288873026,574.29,100.0
1727288873026,574.33,1.0
1727288873026,574.33,11.0
1727288873026,574.33,189.0
1727288873026,574.27,5.0
1727288873027,574.275,50.0
1727288873027,574.2574,20.0
1727288873058,574.32,1.0
1727288873058,574.32,99.0
1727288873058,574.33,1.0
1727288873058,574.36,89.0
1727288873058,574.36,58.0
1727288873058,574.36,42.0
1727288873058,574.36,57.0
1727288873058,574.36,148.0
1727288873058,574.35,47.0
1727288873058,574.36,99.0
1727288873058,574.36,1.0
1727288873058,574.36,24.0
1727288873058,574.36,25.0
1727288873058,574.36,87.0
1727288873058,574.36,13.0
1727288873058,574.36,86.0
1727288873058,574.36,99.0
1727288873058,574.36,29.0
1727288873345,574.355,1.0
1727288873058,574.33,19.0
1727288873059,574.33,7.0
1727288873059,574.36,300.0
1727288873059,574.35,25.0
1727288873059,574.35,15.0
1727288873058,574.32,1.0
1727288873058,574.32,99.0
1727288873058,574.33,1.0
1727288873345,574.355,25.0
1727288873058,574.36,89.0
1727288873345,574.355,4.0
1727288873058,574.36,58.0
1727288873345,574.355,20.0
1727288873058,574.36,42.0
1727288873058,574.36,57.0
1727288873058,574.36,148.0
1727288873058,574.35,47.0
1727288873058,574.36,99.0
1727288873058,574.36,1.0
1727288873058,574.36,24.0
1727288873058,574.36,25.0
1727288873058,574.36,87.0
1727288873058,574.36,13.0
1727288873058,574.36,86.0
1727288873058,574.36,99.0
1727288873058,574.36,29.0
1727288873058,574.33,19.0
1727288873059,574.33,7.0
1727288873059,574.36,300.0
1727288873059,574.35,25.0
1727288873059,574.35,15.0
1727288873091,574.25,125.0
1727288873091,574.25,125.0
1727288873101,574.35,36.0
1727288873101,574.35,42.0
1727288873101,574.37,29.0
1727288873101,574.37,7.0
1727288873101,574.39,22.0
1727288873101,574.38,3.0
1727288873101,574.39,57.0
1727288873101,574.4,1.0
1727288873101,574.4,2.0
1727288873101,574.39,57.0
1727288873101,574.36,100.0
1727288873102,574.39,78.0
1727288873102,574.39,58.0
1727288873102,574.39,42.0
1727288873102,574.42,55.0
1727288873102,574.38,2.0
1727288873102,574.38,10.0
1727288873103,574.38,1.0
1727288873103,574.38,78.0
1727288873103,574.38,1.0
1727288873103,574.38,8.0
1727288873103,574.41,1.0
1727288873103,574.42,1.0
1727288873103,574.45,18.0
1727288873103,574.42,1.0
1727288873103,574.42,1.0
1727288873103,574.42,1.0
1727288873101,574.35,36.0
1727288873105,574.4,2.0
1727288873107,574.42,4.0
1727288873101,574.35,42.0
1727288873101,574.37,29.0
1727288873101,574.37,7.0
1727288873101,574.39,22.0
1727288873101,574.38,3.0
1727288873101,574.39,57.0
1727288873101,574.4,1.0
1727288873101,574.4,2.0
1727288873101,574.39,57.0
1727288873101,574.36,100.0
1727288873102,574.39,78.0
1727288873102,574.39,58.0
1727288873102,574.39,42.0
1727288873102,574.42,55.0
1727288873102,574.38,2.0
1727288873102,574.38,10.0
1727288873103,574.38,1.0
1727288873103,574.38,78.0
1727288873103,574.38,1.0
1727288873103,574.38,8.0
1727288873103,574.41,1.0
1727288873103,574.42,1.0
1727288873103,574.45,18.0
1727288873103,574.42,1.0
1727288873103,574.42,1.0
1727288873103,574.42,1.0
1727288873151,574.45,25.0
1727288873105,574.4,2.0
1727288873107,574.42,4.0
1727288873511,574.4037,25.0
1727288873511,574.4037,25.0
1727288873574,574.2512,1.0
1727288873574,574.2512,1.0
1727288873625,574.16,15.0
1727288873625,574.16,15.0
1727288873864,574.29,1.0
1727288874346,574.355,25.0
1727288874346,574.355,25.0
1727288873864,574.29,1.0
1727288874803,574.352,1.0
1727288874803,574.352,1.0
1727288875377,574.45,14.0
1727288875377,574.35,1.0
1727288875377,574.35,49.0
1727288875377,574.35,4.0
1727288875377,574.45,14.0
1727288875377,574.35,1.0
1727288875377,574.35,49.0
1727288875377,574.35,4.0
1727288874998,574.44,25.0
1727288875002,574.45,25.0
1727288875002,574.45,25.0
1727288875002,574.45,18.0
1727288875004,574.45,100.0
1727288875005,574.365,25.0
1727288874998,574.44,25.0
1727288875004,574.45,44.0
1727288875009,574.45,100.0
1727288875002,574.45,25.0
1727288875002,574.45,25.0
1727288875014,574.46,100.0
1727288875014,574.46,258.0
1727288875002,574.45,18.0
1727288875004,574.45,100.0
1727288875004,574.45,44.0
1727288875005,574.365,25.0
1727288875009,574.45,100.0
1727288875014,574.46,100.0
1727288875014,574.46,258.0
1727288875614,574.4588,1.0
1727288875614,574.4588,1.0
1727288875628,574.3756,35.0
1727288875628,574.3756,35.0
1727288876031,574.46,10.0
1727288876031,574.46,10.0
1727288876449,574.365,100.0
1727288876449,574.365,100.0
1727288876466,574.43,25.0
1727288876466,574.45,25.0
1727288876466,574.46,25.0
1727288876467,574.46,25.0
1727288876466,574.43,25.0
1727288876466,574.45,25.0
1727288876466,574.46,25.0
1727288876467,574.46,25.0
1727288876617,574.46,75.0
1727288876617,574.46,75.0
1727288876629,574.46,1.0
1727288876629,574.46,1.0
1727288876629,574.46,30.0
1727288876629,574.46,1.0
1727288876629,574.46,1.0
1727288876629,574.46,30.0
1727288876644,574.46,1.0
1727288876644,574.46,74.0
1727288876644,574.46,1.0
1727288876644,574.46,74.0
1727288876765,574.46,100.0
1727288876766,574.46,100.0
1727288876765,574.46,100.0
1727288876766,574.46,100.0
1727288877021,574.346,25.0
1727288877021,574.346,25.0
1727288877077,574.45,2.0
1727288877077,574.46,1.0
1727288877077,574.46,7.0
1727288877077,574.46,43.0
1727288877077,574.46,8.0
1727288877077,574.46,8.0
1727288877077,574.46,10.0
1727288877077,574.46,31.0
1727288877077,574.47,77.0
1727288877077,574.46,3.0
1727288877077,574.46,100.0
1727288877077,574.46,20.0
1727288877077,574.46,3.0
1727288877077,574.47,23.0
1727288877077,574.47,8.0
1727288877077,574.47,9.0
1727288877077,574.46,123.0
1727288877077,574.46,46.0
1727288877077,574.47,3.0
1727288877077,574.46,1.0
1727288877078,574.47,4.0
1727288877078,574.46,10.0
1727288877078,574.46,1.0
1727288877078,574.47,16.0
1727288877078,574.47,8.0
1727288877078,574.47,1.0
1727288877078,574.46,1.0
1727288877078,574.46,6.0
1727288877078,574.46,10.0
1727288877078,574.46,1.0
1727288877078,574.46,77.0
1727288877078,574.48,2.0
1727288877078,574.48,1.0
1727288877078,574.49,4.0
1727288877079,574.49,1.0
1727288877077,574.45,2.0
1727288877080,574.46,7.0
1727288877077,574.46,1.0
1727288877077,574.46,7.0
1727288877077,574.46,43.0
1727288877077,574.46,8.0
1727288877077,574.46,8.0
1727288877077,574.46,10.0
1727288877077,574.46,31.0
1727288877077,574.47,77.0
1727288877077,574.46,3.0
1727288877077,574.46,100.0
1727288877077,574.46,20.0
1727288877077,574.46,3.0
1727288877077,574.47,23.0
1727288877077,574.47,8.0
1727288877077,574.47,9.0
1727288877077,574.46,123.0
1727288877077,574.46,46.0
1727288877077,574.47,3.0
1727288877077,574.46,1.0
1727288877078,574.47,4.0
1727288877078,574.46,10.0
1727288877078,574.46,1.0
1727288877078,574.47,16.0
1727288877078,574.47,8.0
1727288877078,574.47,1.0
1727288877078,574.46,1.0
1727288877078,574.46,6.0
1727288877078,574.46,10.0
1727288877078,574.46,1.0
1727288877078,574.46,77.0
1727288877078,574.48,2.0
1727288877078,574.48,1.0
1727288877078,574.49,4.0
1727288877079,574.49,1.0
1727288877080,574.46,7.0
1727288877199,574.27,14.0
1727288877199,574.27,14.0
1727288877396,574.385,10.0
1727288877396,574.385,10.0
1727288877704,574.4034,1.0
1727288877704,574.4034,1.0
1727288877719,574.4262,100.0
1727288877719,574.4262,100.0
1727288877951,574.3259,200.0
1727288877951,574.3259,200.0
1727288878534,574.4,3.0
1727288878534,574.4,3.0
1727288878803,574.49,38.0
1727288878808,574.49,6.0
1727288878803,574.49,38.0
1727288878808,574.49,6.0
1727288879009,574.4,1.0
1727288879009,574.4,1.0
1727288879072,574.49,1.0
1727288879072,574.49,1.0
1727288880068,574.3896,14.0
1727288880068,574.3896,14.0
1727288880133,574.45,1.0
1727288880133,574.46,10.0
1727288880133,574.46,25.0
1727288880133,574.45,1.0
1727288880133,574.46,10.0
1727288880133,574.46,25.0
1727288880211,574.4688,1.0
1727288880211,574.4688,1.0
1727288880327,574.46,1.0
1727288880327,574.46,11.0
1727288880327,574.46,1.0
1727288880327,574.46,11.0
1727288880437,574.44,3.0
1727288880437,574.44,3.0
1727288881078,574.3692,100.0
1727288881078,574.3692,100.0
1727288880502,574.4491,2.0
1727288880502,574.4491,2.0
1727288881164,574.4,4.0
1727288881174,574.4,1.0
1727288881174,574.4,45.0
1727288881174,574.4,5.0
1727288881164,574.4,4.0
1727288881174,574.4,1.0
1727288881174,574.4,45.0
1727288881174,574.4,5.0
1727288881223,574.334,3.0
1727288881223,574.334,3.0
1727288881417,574.3,1.0
1727288881417,574.3,1.0
1727288881711,574.34,300.0
1727288881711,574.34,300.0
1727288881721,574.27,12.0
1727288881722,574.345,1.0
1727288881721,574.27,12.0
1727288881722,574.345,1.0
1727288881744,574.41,1.0
1727288881744,574.41,1.0
1727288881866,574.3471,50.0
1727288881866,574.3471,50.0
1727288881926,574.4,2.0
1727288881926,574.4,2.0
1727288882000,574.34,1.0
1727288882000,574.34,1.0
1727288882158,574.4,4.0
1727288882403,574.33,210.0
1727288882404,574.31,25.0
1727288882158,574.4,4.0
1727288882404,574.3,2.0
1727288882404,574.29,6.0
1727288882404,574.29,50.0
1727288882404,574.29,7.0
1727288882403,574.33,210.0
1727288882404,574.31,25.0
1727288882404,574.3,2.0
1727288882404,574.29,6.0
1727288882404,574.29,50.0
1727288882404,574.29,7.0
1727288882714,574.38,14.0
1727288882714,574.38,14.0
1727288882819,574.3055,2.0
1727288882819,574.3055,2.0
1727288883192,574.36,143.0
1727288883195,574.415,4.0
1727288883192,574.36,143.0
1727288883195,574.415,4.0
1727288883274,574.3688,1.0
1727288883274,574.3688,1.0
1727288883998,574.3732,88.0
1727288883998,574.3733,448.0
1727288883998,574.3732,88.0
1727288883998,574.3733,448.0
1727288884028,574.335,300.0
1727288884032,574.335,300.0
1727288884028,574.335,300.0
1727288884032,574.335,300.0
1727288884050,574.36,2.0
1727288884061,574.3835,3.0
1727288884050,574.36,2.0
1727288884061,574.3835,3.0
1727288884276,574.36,2.0
1727288884276,574.36,2.0
1727288884735,574.3646,3.0
1727288884735,574.3646,3.0
1727288885499,574.31,100.0
1727288885501,574.34,9.0
1727288885502,574.29,1.0
1727288885499,574.31,100.0
1727288885501,574.34,9.0
1727288885502,574.29,1.0
1727288885576,574.2701,300.0
1727288885577,574.2669,20.0
1727288885576,574.2701,300.0
1727288885577,574.2669,20.0
1727288886054,574.33,25.0
1727288886054,574.34,75.0
1727288886058,574.34,100.0
1727288886061,574.33,2.0
1727288886061,574.33,2.0
1727288886061,574.33,25.0
1727288886061,574.33,2.0
1727288886061,574.33,2.0
1727288886061,574.33,2.0
1727288886061,574.33,25.0
1727288886061,574.38,100.0
1727288886061,574.33,2.0
1727288886061,574.33,2.0
1727288886061,574.34,17.0
1727288886061,574.34,17.0
1727288886061,574.34,4.0
1727288886061,574.34,3.0
1727288886054,574.33,25.0
1727288886054,574.34,75.0
1727288886063,574.46,700.0
1727288886058,574.34,100.0
1727288886061,574.33,2.0
1727288886061,574.33,2.0
1727288886061,574.33,25.0
1727288886061,574.33,2.0
1727288886061,574.33,2.0
1727288886061,574.33,2.0
1727288886061,574.33,25.0
1727288886061,574.38,100.0
1727288886061,574.33,2.0
1727288886061,574.33,2.0
1727288886061,574.34,17.0
1727288886061,574.34,17.0
1727288886061,574.34,4.0
1727288886061,574.34,3.0
1727288886063,574.46,700.0
1727288885918,574.28,48.0
1727288885918,574.28,10.0
1727288885918,574.28,40.0
1727288885918,574.27,27.0
1727288885918,574.3,2.0
1727288885918,574.29,5.0
1727288885918,574.28,16.0
1727288885918,574.27,36.0
1727288885918,574.27,100.0
1727288885918,574.27,1.0
1727288885919,574.28,48.0
1727288885919,574.27,52.0
1727288885919,574.27,25.0
1727288885918,574.28,48.0
1727288885918,574.28,10.0
1727288885918,574.28,40.0
1727288885918,574.27,27.0
1727288885918,574.3,2.0
1727288885918,574.29,5.0
1727288885918,574.28,16.0
1727288885918,574.27,36.0
1727288885918,574.27,100.0
1727288885918,574.27,1.0
1727288885919,574.28,48.0
1727288885919,574.27,52.0
1727288885919,574.27,25.0
1727288886467,574.4,100.0
1727288886469,574.41,1.0
1727288886467,574.4,100.0
1727288886469,574.41,1.0
1727288886589,574.33,3.0
1727288886589,574.33,3.0
1727288886705,574.3,1.0
1727288886705,574.3,1.0
1727288886802,574.325,10.0
1727288886802,574.325,10.0
1727288887360,574.2512,1.0
1727288887382,574.38,100.0
1727288887382,574.39,91.0
1727288887382,574.39,100.0
1727288887382,574.41,1.0
1727288887382,574.2778,20.0
1727288887383,574.39,100.0
1727288887387,574.42,200.0
1727288887391,574.42,1.0
1727288887391,574.36,100.0
1727288887407,574.46,8.0
1727288887360,574.2512,1.0
1727288887382,574.38,100.0
1727288887382,574.39,91.0
1727288887382,574.39,100.0
1727288887382,574.41,1.0
1727288887382,574.2778,20.0
1727288887383,574.39,100.0
1727288887387,574.42,200.0
1727288887391,574.42,1.0
1727288887391,574.36,100.0
1727288887407,574.46,8.0
1727288888106,574.4212,1.0
1727288888106,574.4212,1.0
1727288888106,574.4212,1.0
1727288888106,574.4212,1.0
1727288888130,574.4118,1.0
1727288888130,574.4118,1.0
1727288888891,574.2612,1.0
1727288888891,574.2612,1.0
1727288889275,574.4,1.0
1727288889277,574.4,26.0
1727288889277,574.39,1.0
1727288889277,574.4,165.0
1727288889277,574.4,1.0
1727288889275,574.4,1.0
1727288889277,574.4,26.0
1727288889277,574.39,1.0
1727288889277,574.4,165.0
1727288889277,574.4,1.0
1727288890421,574.2612,1.0
1727288890421,574.2612,1.0
1727288890735,574.32,25.0
1727288890735,574.31,10.0
1727288890735,574.31,25.0
1727288890735,574.32,25.0
1727288890735,574.31,10.0
1727288890735,574.31,25.0
1727288891563,574.27,3.0
1727288891563,574.27,3.0
1727288892851,574.325,1.0
1727288892851,574.325,1.0
1727288893217,574.3731,12.0
1727288893217,574.3731,12.0
1727288893339,574.325,100.0
1727288893339,574.325,100.0
1727288893527,574.35,25.0
1727288893527,574.35,25.0
1727288893540,574.35,3.0
1727288893527,574.35,25.0
1727288893527,574.35,25.0
1727288893540,574.35,3.0
1727288893604,574.325,1.0
1727288893604,574.325,1.0
1727288893627,574.31,100.0
1727288893627,574.31,30.0
1727288893627,574.31,100.0
1727288893627,574.31,30.0
1727288893710,574.35,25.0
1727288893710,574.36,25.0
1727288893711,574.37,25.0
1727288893711,574.38,5.0
1727288893711,574.39,20.0
1727288893710,574.35,25.0
1727288893710,574.36,25.0
1727288893711,574.37,25.0
1727288893711,574.38,5.0
1727288893711,574.39,20.0
1727288893739,574.325,300.0
1727288893739,574.325,300.0
1727288893809,574.2949,2.0
1727288893809,574.2949,2.0
1727288893876,574.31,33.0
1727288893876,574.31,33.0
1727288893974,574.3747,100.0
1727288893974,574.3747,100.0
1727288894806,574.38,90.0
1727288894806,574.39,15.0
1727288894806,574.39,192.0
1727288894806,574.39,4.0
1727288894806,574.39,85.0
1727288894806,574.39,5.0
1727288894807,574.39,5.0
1727288894806,574.38,90.0
1727288894807,574.39,62.0
1727288894807,574.39,3.0
1727288894807,574.39,52.0
1727288894809,574.39,25.0
1727288894809,574.39,5.0
1727288894809,574.39,1.0
1727288894809,574.39,11.0
1727288894806,574.39,15.0
1727288894806,574.39,192.0
1727288894806,574.39,4.0
1727288894806,574.39,85.0
1727288894806,574.39,5.0
1727288894807,574.39,5.0
1727288894807,574.39,62.0
1727288894807,574.39,3.0
1727288894807,574.39,52.0
1727288894809,574.39,25.0
1727288894809,574.39,5.0
1727288894809,574.39,1.0
1727288894809,574.39,11.0
1727288895062,574.34,100.0
1727288895062,574.34,100.0
1727288895183,574.27,1.0
1727288895183,574.27,1.0
1727288895340,574.34,1.0
1727288895340,574.34,1.0
1727288895404,574.34,1.0
1727288895405,574.39,13.0
1727288895404,574.34,1.0
1727288895405,574.39,13.0
1727288895596,574.27,100.0
1727288895596,574.27,100.0
1727288895710,574.277,100.0
1727288895710,574.277,100.0
1727288895836,574.335,25.0
1727288895836,574.335,25.0
1727288895846,574.29,5.0
1727288895846,574.3,25.0
1727288895846,574.3,25.0
1727288895846,574.29,25.0
1727288895846,574.29,25.0
1727288895846,574.29,5.0
1727288895846,574.3,25.0
1727288895846,574.31,25.0
1727288895846,574.31,25.0
1727288895846,574.29,5.0
1727288895846,574.28,2.0
1727288895846,574.28,4.0
1727288895846,574.3,25.0
1727288895846,574.295,25.0
1727288895846,574.295,25.0
1727288895846,574.3,5.0
1727288895846,574.3,25.0
1727288895846,574.29,25.0
1727288895846,574.29,25.0
1727288895846,574.29,25.0
1727288895846,574.29,25.0
1727288895846,574.29,100.0
1727288895846,574.26,25.0
1727288895846,574.26,10.0
1727288895846,574.26,15.0
1727288895846,574.27,25.0
1727288895846,574.27,1.0
1727288895846,574.27,73.0
1727288895846,574.28,25.0
1727288895846,574.26,85.0
1727288895846,574.25,32.0
1727288895846,574.25,100.0
1727288895846,574.26,14.0
1727288895846,574.25,100.0
1727288895846,574.24,24.0
1727288895846,574.29,100.0
1727288895846,574.28,10.0
1727288895846,574.26,2.0
1727288895847,574.26,1.0
1727288895847,574.25,100.0
1727288895847,574.335,100.0
1727288895847,574.29,600.0
1727288895847,574.26,1.0
1727288895847,574.335,100.0
1727288895847,574.21,25.0
1727288895847,574.2,25.0
1727288895847,574.25,1.0
1727288895846,574.29,5.0
1727288895846,574.3,25.0
1727288895846,574.3,25.0
1727288895846,574.29,25.0
1727288895846,574.29,25.0
1727288895846,574.29,5.0
1727288895846,574.3,25.0
1727288895846,574.31,25.0
1727288895846,574.31,25.0
1727288895846,574.29,5.0
1727288895846,574.28,2.0
1727288895846,574.28,4.0
1727288895846,574.3,25.0
1727288895846,574.295,25.0
1727288895846,574.295,25.0
1727288895846,574.3,5.0
1727288895846,574.3,25.0
1727288895846,574.29,25.0
1727288895846,574.29,25.0
1727288895846,574.29,25.0
1727288895846,574.29,25.0
1727288895846,574.29,100.0
1727288895846,574.26,25.0
1727288895846,574.26,10.0
1727288895846,574.26,15.0
1727288895846,574.27,25.0
1727288895846,574.27,1.0
1727288895846,574.27,73.0
1727288895846,574.28,25.0
1727288895846,574.26,85.0
1727288895846,574.25,32.0
1727288895846,574.25,100.0
1727288895846,574.26,14.0
1727288895846,574.24,24.0
1727288895846,574.25,100.0
1727288895846,574.29,100.0
1727288895846,574.28,10.0
1727288895846,574.26,2.0
1727288895847,574.26,1.0
1727288895847,574.25,100.0
1727288895847,574.335,100.0
1727288895847,574.29,600.0
1727288895847,574.26,1.0
1727288895847,574.335,100.0
1727288895847,574.21,25.0
1727288895847,574.2,25.0
1727288895847,574.25,1.0
1727288896068,574.2565,25.0
1727288896068,574.2565,25.0
1727288896112,574.2,1.0
1727288896116,574.18,4.0
1727288896116,574.18,19.0
1727288896116,574.17,12.0
1727288896112,574.2,1.0
1727288896116,574.18,4.0
1727288896116,574.18,19.0
1727288896116,574.17,12.0
1727288896329,574.16,30.0
1727288896329,574.16,30.0
1727288896500,574.194,2.0
1727288896500,574.194,2.0
1727288896533,574.205,5.0
1727288896533,574.205,5.0
1727288897014,574.205,25.0
1727288896642,574.205,400.0
1727288896642,574.1855,1.0
1727288896642,574.205,400.0
1727288896654,574.1855,1.0
1727288896642,574.1855,1.0
1727288896654,574.1855,1.0
1727288896704,574.205,1.0
1727288897014,574.205,25.0
1727288896704,574.205,1.0
1727288897043,574.2423,1.0
1727288897043,574.2423,1.0
1727288896822,574.205,35.0
1727288896822,574.205,35.0
1727288897071,574.1512,1.0
1727288897071,574.1512,1.0
1727288897142,574.205,1.0
1727288897142,574.205,1.0
1727288897638,574.2423,4.0
1727288897638,574.2423,4.0
1727288898248,574.1983,5.0
1727288898248,574.1983,5.0
1727288898405,574.2428,15.0
1727288898405,574.2428,15.0
1727288899128,574.2204,1.0
1727288899128,574.26,1.0
1727288899128,574.2204,1.0
1727288899128,574.26,1.0
1727288899210,574.21,5.0
1727288899210,574.21,5.0
1727288899249,574.8995,4.0
1727288899249,574.8995,4.0
1727288899327,574.2014,1.0
1727288899327,574.2014,1.0
1727288900357,574.26,7.0
1727288900357,574.2594,7.0
1727288900357,574.26,7.0
1727288900357,574.2594,7.0
1727288901046,574.15,3.0
1727288901046,574.15,3.0
1727288901170,574.18,2.0
1727288901171,574.16,17.0
1727288901171,574.16,4.0
1727288901171,574.15,10.0
1727288901171,574.15,25.0
1727288901171,574.15,25.0
1727288901171,574.15,50.0
1727288901171,574.15,13.0
1727288901171,574.15,1.0
1727288901171,574.15,100.0
1727288901171,574.15,10.0
1727288901172,574.16,25.0
1727288901172,574.16,25.0
1727288901172,574.16,25.0
1727288901172,574.16,18.0
1727288901172,574.16,7.0
1727288901173,574.18,25.0
1727288901173,574.15,25.0
1727288901173,574.18,50.0
1727288901173,574.17,25.0
1727288901173,574.2,3.0
1727288901173,574.23,6.0
1727288901173,574.15,6.0
1727288901173,574.21,10.0
1727288901173,574.14,25.0
1727288901173,574.16,25.0
1727288901170,574.18,2.0
1727288901171,574.16,17.0
1727288901171,574.16,4.0
1727288901171,574.15,10.0
1727288901171,574.15,25.0
1727288901171,574.15,25.0
1727288901171,574.15,50.0
1727288901171,574.15,13.0
1727288901171,574.15,1.0
1727288901171,574.15,100.0
1727288901171,574.15,10.0
1727288901172,574.16,25.0
1727288901172,574.16,25.0
1727288901172,574.16,25.0
1727288901172,574.16,18.0
1727288901172,574.16,7.0
1727288901173,574.18,25.0
1727288901173,574.15,25.0
1727288901173,574.2,3.0
1727288901173,574.17,25.0
1727288901173,574.23,6.0
1727288901173,574.15,6.0
1727288901173,574.21,10.0
1727288901173,574.14,25.0
1727288901173,574.16,25.0
1727288901173,574.18,50.0
1727288901436,574.12,1.0
1727288901436,574.12,1.0
1727288902399,574.12,5.0
1727288902399,574.12,5.0
1727288902414,574.18,1.0
1727288902414,574.18,1.0
1727288902053,574.1001,30.0
1727288902053,574.1001,30.0
1727288902945,574.18,300.0
1727288902945,574.18,300.0
1727288903127,574.2379,1.0
1727288903127,574.2379,1.0
1727288903245,574.12,5.0
1727288903245,574.12,5.0
1727288903670,574.1001,1.0
1727288903670,574.1001,1.0
1727288903798,574.18,1.0
1727288903798,574.18,1.0
1727288904071,574.18,30.0
1727288904071,574.18,30.0
1727288904640,574.2428,50.0
1727288904644,574.11,5.0
1727288904640,574.2428,50.0
1727288904644,574.11,5.0
1727288904847,574.228,1.0
1727288904847,574.228,1.0
1727288905870,574.1995,10.0
1727288905870,574.1995,10.0
1727288906011,574.18,1.0
1727288906011,574.18,1.0
1727288906546,574.154,20.0
1727288906546,574.154,20.0
1727288906263,574.15,1.0
1727288906263,574.15,1.0
1727288906590,574.19,20.0
1727288906590,574.19,20.0
1727288906458,574.1,112.0
1727288906458,574.1,112.0
1727288906779,574.1888,1.0
1727288906779,574.1888,1.0
1727288906832,574.1,101.0
1727288906832,574.1,101.0
1727288907009,574.1941,112.0
1727288907009,574.1942,424.0
1727288907009,574.1941,112.0
1727288907009,574.1942,424.0
1727288907801,574.1988,1.0
1727288907801,574.1988,1.0
1727288908649,574.1508,2.0
1727288908043,574.15,3.0
1727288908043,574.15,3.0
1727288908085,574.14,22.0
1727288908085,574.14,22.0
1727288908311,574.1988,1.0
1727288908311,574.1988,1.0
1727288908366,574.1,187.0
1727288908366,574.1,187.0
1727288908432,574.1,5.0
1727288908432,574.1,5.0
1727288908649,574.1508,2.0
1727288909796,574.15,5.0
1727288909811,574.18,5.0
1727288909815,574.2,62.0
1727288909815,574.2,8.0
1727288909816,574.18,20.0
1727288909816,574.2,92.0
1727288909816,574.18,20.0
1727288909811,574.18,5.0
1727288909796,574.15,5.0
1727288909815,574.2,62.0
1727288909815,574.2,8.0
1727288909816,574.18,20.0
1727288909816,574.2,92.0
1727288909816,574.18,20.0
1727288909175,574.1,214.0
1727288909175,574.1,214.0
1727288909229,574.1,100.0
1727288909229,574.1,100.0
1727288909273,574.1,1.0
1727288909273,574.1,1.0
1727288909287,574.2,200.0
1727288909287,574.2,200.0
1727288909343,574.15,1.0
1727288909343,574.15,1.0
1727288909446,574.15,100.0
1727288909446,574.15,100.0
1727288909464,574.15,1.0
1727288909464,574.15,1.0
1727288909513,574.15,300.0
1727288909513,574.15,300.0
1727288909901,574.2,1.0
1727288909906,574.2,25.0
1727288909901,574.2,1.0
1727288909906,574.2,25.0
1727288911232,574.165,17.0
1727288911232,574.165,17.0
1727288911404,574.165,1.0
1727288911404,574.165,1.0
1727288911947,574.165,100.0
1727288911947,574.165,100.0
1727288912035,574.1197,100.0
1727288912035,574.1197,100.0
1727288912311,574.165,1.0
1727288912311,574.165,1.0
1727288912660,574.1725,4.0
1727288912660,574.1725,4.0
1727288913878,574.17,25.0
1727288913878,574.17,25.0
1727288913878,574.17,25.0
1727288913878,574.17,25.0
1727288913903,574.1001,100.0
1727288913903,574.1001,100.0
1727288913376,574.2033,2.0
1727288913376,574.2033,2.0
1727288913529,574.23,15.0
1727288913529,574.23,15.0
1727288913775,574.178,2.0
1727288913775,574.178,2.0
1727288914026,574.165,25.0
1727288914026,574.165,25.0
1727288914189,574.12,3.0
1727288914189,574.12,3.0
1727288914272,574.165,1.0
1727288914272,574.165,1.0
1727288914282,574.14,100.0
1727288914282,574.14,25.0
1727288914282,574.14,25.0
1727288914283,574.13,100.0
1727288914284,574.13,100.0
1727288914290,574.13,49.0
1727288914292,574.1,500.0
1727288914282,574.14,100.0
1727288914282,574.14,25.0
1727288914282,574.14,25.0
1727288914283,574.13,100.0
1727288914284,574.13,100.0
1727288914290,574.13,49.0
1727288914292,574.1,500.0
1727288914476,574.23,1.0
1727288914476,574.23,1.0
1727288914531,574.165,50.0
1727288914531,574.165,50.0
1727288914643,574.1881,15.0
1727288914643,574.18813,15.0
1727288915210,574.165,1.0
1727288915210,574.165,1.0
1727288915244,574.2,71.0
1727288915244,574.2,229.0
1727288915245,574.18,80.0
1727288915244,574.16,50.0
1727288915249,574.18,52.0
1727288915250,574.18,29.0
1727288915873,574.17,1.0
1727288915250,574.17,21.0
1727288915244,574.2,71.0
1727288915244,574.2,229.0
1727288915244,574.16,50.0
1727288915245,574.18,80.0
1727288915249,574.18,52.0
1727288915250,574.18,29.0
1727288915250,574.17,21.0
1727288915355,574.165,1.0
1727288915355,574.165,1.0
1727288915530,574.8664,10.0
1727288915530,574.8664,10.0
1727288915873,574.17,1.0
1727288916485,574.1,1.0
1727288916485,574.1,1.0
1727288916539,574.165,1.0
1727288916539,574.165,1.0
1727288917481,574.1047,1000.0
1727288917481,574.1047,1000.0
1727288917585,574.1644,6.0
1727288917585,574.1644,6.0
1727288917875,574.1,1.0
1727288917875,574.1,1.0
1727288918244,574.1644,1.0
1727288918248,574.22,1.0
1727288918244,574.1644,1.0
1727288918248,574.22,1.0
1727288918312,574.13,19.0
1727288918312,574.13,19.0
1727288918998,574.1645,10.0
1727288918998,574.1645,10.0
1727288919109,574.16,2.0
1727288919118,574.16,16.0
1727288919109,574.16,2.0
1727288919121,574.16,17.0
1727288919118,574.16,16.0
1727288919121,574.16,17.0
1727288919201,574.16,1.0
1727288919201,574.16,1.0
1727288919241,574.8632,4.0
1727288919241,574.8632,4.0
1727288919351,574.16,2.0
1727288919351,574.16,2.0
1727288919731,574.188,1.0
1727288919739,574.12,16.0
1727288919739,574.11,38.0
1727288919739,574.1,1.0
1727288919739,574.1,100.0
1727288919739,574.09,4.0
1727288919740,574.09,96.0
1727288919740,574.09,5.0
1727288919740,574.08,8.0
1727288919740,574.06,2.0
1727288919740,574.1,100.0
1727288919740,574.06,8.0
1727288919740,574.1,100.0
1727288919740,574.12,1.0
1727288919740,574.12,1.0
1727288919740,574.12,1.0
1727288919740,574.12,1.0
1727288919740,574.12,1.0
1727288919740,574.1,1.0
1727288919740,574.12,1.0
1727288919740,574.08,1.0
1727288919740,574.12,1.0
1727288919740,574.12,25.0
1727288919740,574.12,18.0
1727288919740,574.12,10.0
1727288919740,574.12,2.0
1727288919740,574.12,25.0
1727288919740,574.12,10.0
1727288919740,574.12,100.0
1727288919740,574.12,1.0
1727288919740,574.12,1.0
1727288919740,574.12,1.0
1727288919740,574.12,1.0
1727288919740,574.12,100.0
1727288919740,574.12,1.0
1727288919740,574.12,1.0
1727288919740,574.12,1.0
1727288919740,574.12,25.0
1727288919740,574.12,1.0
1727288919740,574.12,1.0
1727288919740,574.12,1.0
1727288919740,574.12,1.0
1727288919740,574.12,25.0
1727288919740,574.12,1.0
1727288919731,574.188,1.0
1727288919741,574.12,101.0
1727288919741,574.12,1.0
1727288919742,574.08,14.0
1727288919743,574.04,10.0
1727288919743,574.12,1.0
1727288919746,574.12,1.0
1727288919746,574.01,90.0
1727288919746,574.12,3.0
1727288919747,574.12,7.0
1727288919748,574.12,15.0
1727288919748,574.12,21.0
1727288919748,574.12,1.0
1727288919749,574.12,1.0
1727288919739,574.12,16.0
1727288919749,574.12,21.0
1727288919749,574.12,1.0
1727288919750,574.12,21.0
1727288919751,574.12,11.0
1727288919751,574.12,1.0
1727288919739,574.11,38.0
1727288919739,574.1,1.0
1727288919739,574.1,100.0
1727288919739,574.09,4.0
1727288919740,574.09,96.0
1727288919740,574.09,5.0
1727288919740,574.08,8.0
1727288919740,574.06,2.0
1727288919740,574.1,100.0
1727288919740,574.06,8.0
1727288919740,574.1,100.0
1727288919740,574.12,1.0
1727288919740,574.12,1.0
1727288919740,574.12,1.0
1727288919740,574.12,1.0
1727288919740,574.12,1.0
1727288919740,574.1,1.0
1727288919740,574.12,1.0
1727288919740,574.08,1.0
1727288919740,574.12,1.0
1727288919740,574.12,25.0
1727288919740,574.12,18.0
1727288919740,574.12,10.0
1727288919740,574.12,2.0
1727288919740,574.12,25.0
1727288919740,574.12,10.0
1727288919740,574.12,100.0
1727288919740,574.12,1.0
1727288919740,574.12,1.0
1727288919740,574.12,1.0
1727288919740,574.12,1.0
1727288919740,574.12,100.0
1727288919740,574.12,1.0
1727288919740,574.12,1.0
1727288919740,574.12,1.0
1727288919740,574.12,25.0
1727288919740,574.12,1.0
1727288919740,574.12,1.0
1727288919740,574.12,1.0
1727288919740,574.12,1.0
1727288919740,574.12,25.0
1727288919740,574.12,1.0
1727288919741,574.12,101.0
1727288919741,574.12,1.0
1727288919742,574.08,14.0
1727288919743,574.04,10.0
1727288919743,574.12,1.0
1727288919746,574.12,1.0
1727288919746,574.01,90.0
1727288919746,574.12,3.0
1727288919747,574.12,7.0
1727288919748,574.12,15.0
1727288919748,574.12,21.0
1727288919748,574.12,1.0
1727288919749,574.12,1.0
1727288919749,574.12,21.0
1727288919749,574.12,1.0
1727288919750,574.12,21.0
1727288919751,574.12,11.0
1727288919751,574.12,1.0
1727288919785,574.12,1.0
1727288919785,574.12,1.0
1727288919786,574.12,1.0
1727288919787,574.12,1.0
1727288919787,574.12,1.0
1727288919788,574.12,1.0
1727288919788,574.12,1.0
1727288919789,574.12,1.0
1727288919789,574.12,1.0
1727288919790,574.12,1.0
1727288919791,574.12,1.0
1727288919791,574.01,100.0
1727288919791,574.07,18.0
1727288919791,574.12,1.0
1727288919791,574.12,1.0
1727288919791,574.12,100.0
1727288919791,574.12,3.0
1727288919791,574.12,1.0
1727288919791,574.12,1.0
1727288919791,574.12,1.0
1727288919791,574.12,1.0
1727288919792,574.12,1.0
1727288919792,574.12,1.0
1727288919792,574.12,1.0
1727288919792,574.12,1.0
1727288919792,574.12,1.0
1727288919793,574.12,1.0
1727288919793,574.12,1.0
1727288919794,574.01,11.0
1727288919794,574.12,1.0
1727288919794,574.03,25.0
1727288919794,574.02,1.0
1727288919794,574.02,81.0
1727288919794,574.01,1.0
1727288919794,574.01,14.0
1727288919794,574.12,1.0
1727288919795,574.07,3.0
1727288919795,574.07,2.0
1727288919795,574.03,48.0
1727288919795,574.03,100.0
1727288919795,574.02,1.0
1727288919795,574.01,500.0
1727288919795,574.0,300.0
1727288919785,574.12,1.0
1727288919795,574.0,70.0
1727288919785,574.12,1.0
1727288919786,574.12,1.0
1727288919795,574.0,2.0
1727288919795,574.0,90.0
1727288919795,574.0,6.0
1727288919795,574.0,4.0
1727288919795,574.01,200.0
1727288919795,574.0,20.0
1727288919795,574.0,3.0
1727288919795,574.0,89.0
1727288919795,574.0,11.0
1727288919795,574.0,100.0
1727288919795,574.0,1.0
1727288919795,574.0,3.0
1727288919795,574.0,2.0
1727288919795,574.0,100.0
1727288919795,574.12,1.0
1727288919795,574.12,100.0
1727288919795,574.02,81.0
1727288919795,574.12,1.0
1727288919795,574.12,100.0
1727288919795,574.12,1.0
1727288919795,574.12,1.0
1727288919795,574.12,100.0
1727288919795,574.09,99.0
1727288919795,574.12,1.0
1727288919795,574.12,1.0
1727288919795,574.11,1.0
1727288919795,574.07,8.0
1727288919795,574.05,25.0
1727288919795,574.07,4.0
1727288919795,574.02,25.0
1727288919795,574.01,43.0
1727288919795,574.07,3.0
1727288919795,574.07,4.0
1727288919795,574.01,20.0
1727288919795,574.01,8.0
1727288919795,574.01,4.0
1727288919795,574.0,5.0
1727288919795,574.0,2.0
1727288919795,574.0,3.0
1727288919795,574.0,1.0
1727288919795,574.0,1.0
1727288919795,574.0,30.0
1727288919795,574.0,1.0
1727288919795,574.0,200.0
1727288919795,574.0,1.0
1727288919795,574.0,100.0
1727288919795,574.0,1.0
1727288919795,574.0,1.0
1727288919795,574.0,100.0
1727288919795,574.0,9.0
1727288919795,574.0,191.0
1727288919795,574.0,1.0
1727288919795,574.0,100.0
1727288919795,574.0,100.0
1727288919795,574.0,1.0
1727288919795,574.2522,20.0
1727288919796,573.99,1.0
1727288919796,574.0,10.0
1727288919796,574.0,50.0
1727288919796,574.01,100.0
1727288919796,574.0,17.0
1727288919796,573.99,42.0
1727288919796,574.0,100.0
1727288919796,574.04,100.0
1727288919796,573.99,130.0
1727288919796,574.01,28.0
1727288919796,574.01,60.0
1727288919796,574.01,28.0
1727288919796,574.01,2.0
1727288919796,573.99,1.0
1727288919796,574.01,4.0
1727288919797,574.115,10.0
1727288919787,574.12,1.0
1727288919787,574.12,1.0
1727288919799,574.0,7.0
1727288919799,574.0,3.0
1727288919799,574.01,20.0
1727288919799,574.0,1.0
1727288919799,574.0,50.0
1727288919799,574.01,100.0
1727288919788,574.12,1.0
1727288919788,574.12,1.0
1727288919789,574.12,1.0
1727288919789,574.12,1.0
1727288919790,574.12,1.0
1727288919811,574.011,100.0
1727288919791,574.12,1.0
1727288919791,574.01,100.0
1727288919791,574.07,18.0
1727288919791,574.12,1.0
1727288919791,574.12,1.0
1727288919791,574.12,100.0
1727288919791,574.12,3.0
1727288919791,574.12,1.0
1727288919791,574.12,1.0
1727288919791,574.12,1.0
1727288919791,574.12,1.0
1727288919792,574.12,1.0
1727288919792,574.12,1.0
1727288919792,574.12,1.0
1727288919792,574.12,1.0
1727288919792,574.12,1.0
1727288919793,574.12,1.0
1727288919793,574.12,1.0
1727288919794,574.01,11.0
1727288919794,574.12,1.0
1727288919794,574.03,25.0
1727288919794,574.02,1.0
1727288919794,574.02,81.0
1727288919794,574.01,1.0
1727288919794,574.01,14.0
1727288919794,574.12,1.0
1727288919795,574.07,3.0
1727288919795,574.07,2.0
1727288919795,574.03,48.0
1727288919795,574.03,100.0
1727288919795,574.02,1.0
1727288919795,574.01,500.0
1727288919795,574.0,300.0
1727288919795,574.0,70.0
1727288919795,574.0,2.0
1727288919795,574.0,90.0
1727288919795,574.0,6.0
1727288919795,574.0,4.0
1727288919795,574.01,200.0
1727288919795,574.0,20.0
1727288919795,574.0,3.0
1727288919795,574.0,89.0
1727288919795,574.0,11.0
1727288919795,574.0,100.0
1727288919795,574.0,1.0
1727288919795,574.0,3.0
1727288919795,574.0,2.0
1727288919795,574.0,100.0
1727288919795,574.12,1.0
1727288919795,574.12,100.0
1727288919795,574.02,81.0
1727288919795,574.12,1.0
1727288919795,574.12,100.0
1727288919795,574.12,1.0
1727288919795,574.12,1.0
1727288919795,574.12,100.0
1727288919795,574.09,99.0
1727288919795,574.12,1.0
1727288919795,574.12,1.0
1727288919795,574.11,1.0
1727288919795,574.07,8.0
1727288919795,574.05,25.0
1727288919795,574.07,4.0
1727288919795,574.02,25.0
1727288919795,574.01,43.0
1727288919795,574.07,3.0
1727288919795,574.07,4.0
1727288919795,574.01,20.0
1727288919795,574.01,8.0
1727288919795,574.01,4.0
1727288919795,574.0,5.0
1727288919795,574.0,2.0
1727288919795,574.0,3.0
1727288919795,574.0,1.0
1727288919795,574.0,1.0
1727288919795,574.0,30.0
1727288919795,574.0,1.0
1727288919795,574.0,1.0
1727288919795,574.0,200.0
1727288919795,574.0,100.0
1727288919795,574.0,1.0
1727288919795,574.0,1.0
1727288919795,574.0,100.0
1727288919795,574.0,9.0
1727288919795,574.0,191.0
1727288919795,574.0,1.0
1727288919795,574.0,100.0
1727288919795,574.0,1.0
1727288919795,574.2522,20.0
1727288919796,573.99,1.0
1727288919796,574.0,10.0
1727288919796,574.0,50.0
1727288919795,574.0,100.0
1727288919796,574.01,100.0
1727288919796,574.0,17.0
1727288919796,573.99,42.0
1727288919796,574.0,100.0
1727288919796,574.04,100.0
1727288919796,573.99,130.0
1727288919796,574.01,28.0
1727288919796,574.01,60.0
1727288919796,574.01,28.0
1727288919796,574.01,2.0
1727288919796,573.99,1.0
1727288919796,574.01,4.0
1727288919797,574.115,10.0
1727288919799,574.0,7.0
1727288919799,574.0,3.0
1727288919799,574.01,20.0
1727288919799,574.0,1.0
1727288919799,574.0,50.0
1727288919799,574.01,100.0
1727288919811,574.011,100.0
1727288919849,574.03,22.0
1727288919854,574.03,50.0
1727288919849,574.03,22.0
1727288919861,574.03,50.0
1727288919854,574.03,50.0
1727288919861,574.03,50.0
1727288919878,574.03,10.0
1727288919878,574.03,10.0
1727288919946,574.03,25.0
1727288919946,574.03,25.0
1727288919984,574.04,5.0
1727288919984,574.04,5.0
1727288920260,574.4676,1.0
1727288920260,574.4676,1.0
1727288920270,574.11,10.0
1727288920270,574.11,10.0
1727288920357,574.0666,1.0
1727288920364,574.8458,1.0
1727288920357,574.0666,1.0
1727288920364,574.8458,1.0
1727288920420,574.11,1.0
1727288920420,574.11,1.0
1727288920485,574.07,25.0
1727288920485,574.1,25.0
1727288920485,574.1,35.0
1727288920485,574.1,15.0
1727288920485,574.07,25.0
1727288920485,574.1,25.0
1727288920485,574.1,35.0
1727288920485,574.1,15.0
1727288920660,574.11,12.0
1727288920660,574.11,1.0
1727288920660,574.13,4.0
1727288920660,574.13,3.0
1727288920660,574.13,7.0
1727288920660,574.2,6.0
1727288920660,574.11,12.0
1727288920660,574.11,1.0
1727288920660,574.13,4.0
1727288920660,574.13,3.0
1727288920660,574.13,7.0
1727288920660,574.2,6.0
1727288920878,574.075,5.0
1727288920878,574.075,10.0
1727288920886,574.0207,9.0
1727288920878,574.075,5.0
1727288920878,574.075,10.0
1727288920886,574.0207,9.0
1727288920904,574.075,5.0
1727288920909,574.075,7.0
1727288920904,574.075,5.0
1727288920916,574.075,25.0
1727288920916,574.075,5.0
1727288920916,574.075,25.0
1727288920909,574.075,7.0
1727288920916,574.075,5.0
1727288920951,574.075,1.0
1727288920951,574.075,1.0
1727288921367,574.02,4.0
1727288921367,574.02,4.0
1727288921388,574.07,700.0
1727288921388,574.07,700.0
1727288921503,574.0,10.0
1727288921503,574.0,10.0
1727288921852,574.02,320.0
1727288921852,574.02,320.0
1727288921898,574.14,500.0
1727288921898,574.14,500.0
1727288922245,574.0,1.0
1727288922245,574.14,2.0
1727288922245,574.0,1.0
1727288922245,574.14,2.0
1727288922305,574.02,1.0
1727288922305,574.02,1.0
1727288922488,574.07,4.0
1727288922488,574.07,4.0
1727288922499,574.0,50.0
1727288922499,574.0,50.0
1727288922600,574.07,48.0
1727288922602,574.06,40.0
1727288922602,574.06,40.0
1727288922602,574.06,40.0
1727288922603,574.06,100.0
1727288922603,574.06,100.0
1727288922604,574.04,25.0
1727288922604,574.04,40.0
1727288922604,574.04,40.0
1727288922605,574.04,40.0
1727288922606,574.04,100.0
1727288922607,574.03,48.0
1727288922600,574.07,48.0
1727288922610,574.03,39.0
1727288922612,574.0,300.0
1727288922602,574.06,40.0
1727288922602,574.06,40.0
1727288922602,574.06,40.0
1727288922603,574.06,100.0
1727288922603,574.06,100.0
1727288922604,574.04,25.0
1727288922604,574.04,40.0
1727288922604,574.04,40.0
1727288922605,574.04,40.0
1727288922606,574.04,100.0
1727288922607,574.03,48.0
1727288922610,574.03,39.0
1727288922612,574.0,300.0
1727288922865,574.03,14.0
1727288922865,574.03,14.0
1727288923259,574.03,67.0
1727288923259,574.02,18.0
1727288923259,574.02,100.0
1727288923259,574.01,39.0
1727288923259,574.0,100.0
1727288923259,574.0,3.0
1727288923259,574.0,1.0
1727288923259,574.01,25.0
1727288923259,574.01,25.0
1727288923259,574.03,28.0
1727288923259,574.01,25.0
1727288923259,574.01,23.0
1727288923259,574.01,25.0
1727288923260,574.02,25.0
1727288923261,574.02,25.0
1727288923261,574.02,10.0
1727288923261,574.0,1.0
1727288923261,574.03,19.0
1727288923259,574.03,67.0
1727288923259,574.02,18.0
1727288923259,574.02,100.0
1727288923259,574.01,39.0
1727288923259,574.0,100.0
1727288923259,574.0,3.0
1727288923259,574.0,1.0
1727288923259,574.01,25.0
1727288923259,574.01,25.0
1727288923259,574.03,28.0
1727288923259,574.01,25.0
1727288923259,574.01,23.0
1727288923259,574.01,25.0
1727288923260,574.02,25.0
1727288923261,574.02,25.0
1727288923261,574.02,10.0
1727288923261,574.0,1.0
1727288923261,574.03,19.0
1727288923277,574.01,14.0
1727288923278,574.01,25.0
1727288923278,574.02,25.0
1727288923278,574.01,22.0
1727288923278,574.02,25.0
1727288923278,574.02,21.0
1727288923277,574.01,14.0
1727288923278,574.01,25.0
1727288923278,574.02,25.0
1727288923278,574.01,22.0
1727288923278,574.02,25.0
1727288923278,574.02,21.0
1727288923419,574.09,25.0
1727288923419,574.09,25.0
1727288923419,574.1,5.0
1727288923419,574.11,25.0
1727288923419,574.11,5.0
1727288923419,574.12,5.0
1727288923419,574.13,20.0
1727288923419,574.14,90.0
1727288923419,574.14,108.0
1727288923419,574.14,8.0
1727288923420,574.12,6.0
1727288923420,574.12,19.0
1727288923420,574.12,2.0
1727288923420,574.12,20.0
1727288923421,574.12,25.0
1727288923421,574.12,2.0
1727288923419,574.09,25.0
1727288923419,574.09,25.0
1727288923419,574.1,5.0
1727288923419,574.11,25.0
1727288923419,574.11,5.0
1727288923419,574.12,5.0
1727288923419,574.13,20.0
1727288923419,574.14,90.0
1727288923419,574.14,108.0
1727288923419,574.14,8.0
1727288923420,574.12,6.0
1727288923420,574.12,19.0
1727288923420,574.12,2.0
1727288923420,574.12,20.0
1727288923421,574.12,25.0
1727288923421,574.12,2.0
1727288923421,574.14,100.0
1727288923421,574.07,5.0
1727288923421,574.07,10.0
1727288923422,574.14,372.0
1727288923422,574.14,25.0
1727288923422,574.07,5.0
1727288923423,574.14,100.0
1727288923423,574.14,100.0
1727288923423,574.14,70.0
1727288923423,574.14,17.0
1727288923423,574.14,83.0
1727288923423,574.14,100.0
1727288923423,574.14,87.0
1727288923423,574.14,100.0
1727288923424,574.14,100.0
1727288923425,574.075,100.0
1727288923427,574.075,5.0
1727288923427,574.075,5.0
1727288923421,574.14,100.0
1727288923421,574.07,5.0
1727288923421,574.07,10.0
1727288923422,574.14,372.0
1727288923422,574.14,25.0
1727288923422,574.07,5.0
1727288923423,574.14,100.0
1727288923423,574.14,100.0
1727288923423,574.14,70.0
1727288923423,574.14,17.0
1727288923423,574.14,83.0
1727288923423,574.14,100.0
1727288923423,574.14,87.0
1727288923423,574.14,100.0
1727288923424,574.14,100.0
1727288923425,574.075,100.0
1727288923427,574.075,5.0
1727288923427,574.075,5.0
1727288923482,574.456,100.0
1727288923482,574.456,100.0
1727288923527,574.15,1.0
1727288923527,574.15,1.0
1727288923544,574.0,100.0
1727288923544,574.0,100.0
1727288923653,574.1499,1.0
1727288923653,574.1499,1.0
1727288923919,574.1306,4.0
1727288923919,574.1306,4.0
1727288923956,574.075,1.0
1727288923956,574.075,1.0
1727288924466,574.14,2.0
1727288924471,574.08,200.0
1727288924466,574.14,2.0
1727288924471,574.08,200.0
1727288924658,574.1488,1.0
1727288924658,574.1488,1.0
1727288924658,574.1488,1.0
1727288924658,574.1488,1.0
1727288924852,574.14,2000.0
1727288924852,574.1396,21.0
1727288924855,574.06,16.0
1727288924855,574.05,16.0
1727288924855,574.04,16.0
1727288924855,574.03,16.0
1727288924855,574.01,36.0
1727288924852,574.14,2000.0
1727288924852,574.1396,21.0
1727288924855,574.06,16.0
1727288924855,574.05,16.0
1727288924855,574.04,16.0
1727288924855,574.03,16.0
1727288924855,574.01,36.0
1727288926410,574.25,100.0
1727288926415,574.25,4.0
1727288926415,574.25,96.0
1727288926415,574.25,1.0
1727288926415,574.25,100.0
1727288926415,574.25,1.0
1727288926415,574.25,9.0
1727288926416,574.25,100.0
1727288926416,574.25,25.0
1727288926416,574.25,75.0
1727288926416,574.25,25.0
1727288926180,574.0325,1000.0
1727288926180,574.0325,1000.0
1727288926240,574.19,3.0
1727288926240,574.19,3.0
1727288926254,574.1813,400.0
1727288926254,574.1813,400.0
1727288926397,574.18,100.0
1727288926397,574.19,1.0
1727288926397,574.17,25.0
1727288926397,574.19,95.0
1727288926397,574.17,25.0
1727288926397,574.19,5.0
1727288926397,574.19,94.0
1727288926397,574.22,100.0
1727288926397,574.18,100.0
1727288926397,574.19,6.0
1727288926397,574.19,57.0
1727288926397,574.23,3.0
1727288926397,574.18,100.0
1727288926397,574.22,1.0
1727288926397,574.22,110.0
1727288926397,574.22,100.0
1727288926397,574.22,2.0
1727288926398,574.22,1.0
1727288926398,574.22,1.0
1727288926398,574.2,2.0
1727288926398,574.22,100.0
1727288926398,574.22,100.0
1727288926398,574.23,100.0
1727288926398,574.12,1.0
1727288926398,574.23,1.0
1727288926398,574.23,3.0
1727288926398,574.23,100.0
1727288926398,574.23,100.0
1727288926398,574.23,1.0
1727288926398,574.23,77.0
1727288926398,574.0965,20.0
1727288926399,574.23,92.0
1727288926399,574.23,7.0
1727288926399,574.23,3.0
1727288926399,574.23,97.0
1727288926399,574.23,20.0
1727288926401,574.13,2.0
1727288926401,574.13,3.0
1727288926401,574.13,2.0
1727288926397,574.18,100.0
1727288926397,574.19,1.0
1727288926397,574.17,25.0
1727288926397,574.19,95.0
1727288926397,574.17,25.0
1727288926397,574.19,5.0
1727288926397,574.19,94.0
1727288926397,574.22,100.0
1727288926397,574.18,100.0
1727288926410,574.24,100.0
1727288926410,574.24,100.0
1727288926410,574.25,100.0
1727288926397,574.19,6.0
1727288926397,574.19,57.0
1727288926397,574.23,3.0
1727288926397,574.18,100.0
1727288926397,574.22,1.0
1727288926397,574.22,110.0
1727288926397,574.22,100.0
1727288926397,574.22,2.0
1727288926398,574.22,1.0
1727288926398,574.22,1.0
1727288926398,574.2,2.0
1727288926398,574.22,100.0
1727288926398,574.22,100.0
1727288926398,574.12,1.0
1727288926398,574.23,100.0
1727288926398,574.23,1.0
1727288926398,574.23,3.0
1727288926398,574.23,100.0
1727288926398,574.23,100.0
1727288926398,574.23,77.0
1727288926398,574.23,1.0
1727288926398,574.0965,20.0
1727288926399,574.23,92.0
1727288926415,574.25,4.0
1727288926415,574.25,96.0
1727288926415,574.25,1.0
1727288926415,574.25,100.0
1727288926415,574.25,1.0
1727288926415,574.25,9.0
1727288926416,574.25,100.0
1727288926416,574.25,25.0
1727288926416,574.25,75.0
1727288926416,574.25,25.0
1727288926399,574.23,7.0
1727288926399,574.23,3.0
1727288926399,574.23,97.0
1727288926399,574.23,20.0
1727288926401,574.13,2.0
1727288926401,574.13,3.0
1727288926401,574.13,2.0
1727288926410,574.24,100.0
1727288926410,574.24,100.0
1727288985809,573.735,10.0
1727288985809,573.735,10.0
1727288985982,573.8499,90.0
1727288985982,573.8499,90.0
1727288987772,573.85,1.0
1727288987772,573.85,1.0
1727288987980,573.6212,1.0
1727288987980,573.6212,1.0
1727288988053,573.68,3.0
1727288988057,573.735,11.0
1727288988053,573.68,3.0
1727288988057,573.735,11.0
1727288988177,573.83,5.0
1727288988180,573.735,13.0
1727288988184,573.735,15.0
1727288988184,573.735,10.0
1727288988185,573.712,1.0
1727288988186,573.735,15.0
1727288988177,573.83,5.0
1727288988180,573.735,13.0
1727288988184,573.735,15.0
1727288988184,573.735,10.0
1727288988185,573.712,1.0
1727288988186,573.735,15.0
1727288990218,573.83,5.0
1727288990218,573.83,5.0
1727288990298,573.8211,50.0
1727288990298,573.8211,50.0
1727288990380,573.7514,100.0
1727288990380,573.7514,100.0
1727288990777,573.74,25.0
1727288990777,573.72,13.0
1727288990777,573.72,25.0
1727288990777,573.72,100.0
1727288990777,573.71,25.0
1727288990777,573.71,25.0
1727288990777,573.7,5.0
1727288990777,573.7,20.0
1727288990777,573.7,5.0
1727288990777,573.7,100.0
1727288990777,573.69,7.0
1727288990777,573.69,98.0
1727288990777,573.68,100.0
1727288990777,573.68,10.0
1727288990777,573.71,5.0
1727288990777,573.7,7.0
1727288990777,573.71,3.0
1727288990777,573.7,200.0
1727288990777,573.69,48.0
1727288990777,573.68,200.0
1727288990779,573.69,37.0
1727288990779,573.68,1.0
1727288990779,573.7,1.0
1727288990779,573.7,2.0
1727288990779,573.68,100.0
1727288990777,573.74,25.0
1727288990777,573.72,13.0
1727288990777,573.72,25.0
1727288990777,573.72,100.0
1727288990777,573.71,25.0
1727288990777,573.71,25.0
1727288990777,573.7,5.0
1727288990777,573.7,20.0
1727288990777,573.7,5.0
1727288990777,573.7,100.0
1727288990777,573.69,7.0
1727288990777,573.69,98.0
1727288990777,573.68,100.0
1727288990777,573.68,10.0
1727288990777,573.71,5.0
1727288990777,573.7,7.0
1727288990777,573.71,3.0
1727288990777,573.7,200.0
1727288990777,573.68,200.0
1727288990779,573.69,37.0
1727288990779,573.68,1.0
1727288990779,573.7,1.0
1727288990779,573.7,2.0
1727288990779,573.68,100.0
1727288990816,573.74,4.0
1727288990816,573.74,4.0
1727288990777,573.69,48.0
1727288990838,573.7322,200.0
1727288990838,573.7322,200.0
1727288990900,573.75,2.0
1727288990900,573.75,2.0
1727288990954,573.9067,129.0
1727288990955,573.9066,111.0
1727288990959,573.9066,32.0
1727288990965,573.9066,1.0
1727288990955,573.9066,111.0
1727288990959,573.9066,32.0
1727288990973,573.9066,1.0
1727288990965,573.9066,1.0
1727288990954,573.9067,129.0
1727288990979,573.9066,1.0
1727288990973,573.9066,1.0
1727288990979,573.9066,1.0
1727288991000,573.75,5.0
1727288991000,573.75,5.0
1727288991110,573.71,25.0
1727288991110,573.71,25.0
1727288991110,573.71,25.0
1727288991110,573.71,25.0
1727288991177,573.6756,50.0
1727288991177,573.6756,50.0
1727288991227,573.7,5.0
1727288991227,573.67,95.0
1727288991233,573.66,100.0
1727288991227,573.7,5.0
1727288991227,573.67,95.0
1727288991233,573.66,100.0
1727288991548,573.755,2.0
1727288991548,573.755,2.0
1727288991558,573.8488,1.0
1727288991558,573.8488,1.0
1727288991675,573.7465,50.0
1727288991675,573.746572,50.0
1727288991959,574.6488,4.0
1727288991959,574.6488,4.0
1727288991996,573.755,17.0
1727288991996,573.755,17.0
1727288992068,573.755,1.0
1727288992068,573.755,1.0
1727288992255,573.7475,25.0
1727288992255,573.7475,25.0
1727288992265,573.79,8.0
1727288992265,573.795,8.0
1727288992258,573.74,5.0
1727288992266,573.8,5.0
1727288992259,573.75,7.0
1727288992259,573.75,3.0
1727288992259,573.755,68.0
1727288992259,573.755,5.0
1727288992255,573.7475,25.0
1727288992265,573.79,8.0
1727288992265,573.795,8.0
1727288992266,573.8,5.0
1727288992255,573.7475,25.0
1727288992258,573.74,5.0
1727288992259,573.75,7.0
1727288992259,573.75,3.0
1727288992259,573.755,68.0
1727288992259,573.755,5.0
1727288992467,573.755,5.0
1727288992467,573.755,5.0
1727288992676,573.7183,17.0
1727288992676,573.718384,17.0
1727288992775,573.755,1.0
1727288992775,573.755,1.0
1727288992848,573.8499,50.0
1727288992848,573.8499,50.0
1727288993311,573.6809,100.0
1727288993311,573.6809,100.0
1727288993595,573.76,1.0
1727288993595,573.76,1.0
1727288993664,573.82,2.0
1727288993664,573.82,2.0
1727288993762,573.8,1.0
1727288994278,573.92,4.0
1727288993762,573.8,1.0
1727288993848,573.8,10.0
1727288993848,573.8,34.0
1727288993848,573.8,15.0
1727288993848,573.82,14.0
1727288993849,573.82,37.0
1727288993849,573.82,2.0
1727288993849,573.82,10.0
1727288993849,573.8,20.0
1727288993849,573.83,100.0
1727288993849,573.85,120.0
1727288993849,573.85,101.0
1727288993849,573.85,99.0
1727288993849,573.85,200.0
1727288993849,573.85,100.0
1727288993849,573.85,200.0
1727288993849,573.85,1.0
1727288993852,573.85,200.0
1727288993852,573.85,54.0
1727288993848,573.8,10.0
1727288993848,573.8,34.0
1727288993848,573.8,15.0
1727288993848,573.82,14.0
1727288993849,573.82,37.0
1727288993849,573.82,2.0
1727288993849,573.82,10.0
1727288993849,573.8,20.0
1727288993849,573.83,100.0
1727288993849,573.85,120.0
1727288993849,573.85,101.0
1727288993849,573.85,99.0
1727288993849,573.85,200.0
1727288993866,573.78,3.0
1727288993849,573.85,100.0
1727288993849,573.85,1.0
1727288993849,573.85,200.0
1727288993852,573.85,200.0
1727288993852,573.85,54.0
1727288993866,573.78,3.0
1727288994042,573.84,1.0
1727288994042,573.85,37.0
1727288994043,573.85,62.0
1727288994043,573.85,7.0
1727288994043,573.85,106.0
1727288994043,573.85,100.0
1727288994043,573.85,163.0
1727288994043,573.85,44.0
1727288994043,573.85,1.0
1727288994043,573.85,200.0
1727288994043,573.85,100.0
1727288994045,573.85,18.0
1727288994066,573.85,82.0
1727288994066,573.85,200.0
1727288994066,573.85,5.0
1727288994066,573.85,200.0
1727288994066,573.85,5.0
1727288994066,573.85,4.0
1727288994066,573.85,1.0
1727288994066,573.86,5.0
1727288994066,573.85,100.0
1727288994066,573.86,3.0
1727288994066,573.87,10.0
1727288994068,573.9,100.0
1727288994042,573.84,1.0
1727288994042,573.85,37.0
1727288994043,573.85,62.0
1727288994043,573.85,7.0
1727288994043,573.85,106.0
1727288994043,573.85,100.0
1727288994043,573.85,163.0
1727288994043,573.85,44.0
1727288994043,573.85,1.0
1727288994043,573.85,200.0
1727288994043,573.85,100.0
1727288994045,573.85,18.0
1727288994066,573.85,82.0
1727288994066,573.85,200.0
1727288994066,573.85,5.0
1727288994066,573.85,200.0
1727288994066,573.85,5.0
1727288994066,573.85,4.0
1727288994066,573.85,1.0
1727288994066,573.86,5.0
1727288994066,573.85,100.0
1727288994066,573.86,3.0
1727288994066,573.87,10.0
1727288994068,573.9,100.0
1727288994278,573.92,4.0
1727288994717,573.96,100.0
1727288994717,573.96,100.0
1727288994717,573.96,100.0
1727288994718,573.96,100.0
1727288994718,573.96,100.0
1727288994718,573.905,100.0
1727288994718,573.8198,20.0
1727288994857,573.9487,88.0
1727288994865,573.98,112.0
1727288994867,573.9487,112.0
1727288994857,573.9487,88.0
1727288994865,573.98,112.0
1727288994867,573.9487,112.0
1727288994713,573.89,100.0
1727288994714,573.94,2.0
1727288994714,573.93,3.0
1727288994714,573.93,13.0
1727288994714,573.94,1.0
1727288994717,573.96,90.0
1727288994717,573.96,11.0
1727288994717,573.96,5.0
1727288994717,573.96,4.0
1727288994717,573.96,100.0
1727288994717,573.96,56.0
1727288994717,573.96,100.0
1727288994717,573.96,100.0
1727288994717,573.96,100.0
1727288994718,573.96,100.0
1727288994718,573.96,100.0
1727288994718,573.905,100.0
1727288994718,573.8198,20.0
1727288994713,573.89,100.0
1727288994714,573.94,2.0
1727288994714,573.93,3.0
1727288994714,573.93,13.0
1727288994714,573.94,1.0
1727288994717,573.96,90.0
1727288994717,573.96,11.0
1727288994717,573.96,5.0
1727288994717,573.96,4.0
1727288994717,573.96,100.0
1727288994717,573.96,56.0
1727288995006,573.945,1.0
1727288995006,573.945,1.0
1727288995244,574.0,60.0
1727288995244,574.0,1.0
1727288995244,574.02,100.0
1727288995244,574.02,25.0
1727288995245,574.02,3.0
1727288995245,574.02,100.0
1727288995245,574.02,28.0
1727288995245,574.0,100.0
1727288995245,574.02,11.0
1727288995245,574.02,89.0
1727288995245,574.02,32.0
1727288995246,574.02,26.0
1727288995244,574.0,60.0
1727288995244,574.02,100.0
1727288995244,574.02,25.0
1727288995245,574.02,3.0
1727288995245,574.02,100.0
1727288995244,574.0,1.0
1727288995245,574.02,28.0
1727288995245,574.0,100.0
1727288995245,574.02,11.0
1727288995245,574.02,89.0
1727288995245,574.02,32.0
1727288995246,574.02,26.0
1727288995310,573.946,200.0
1727288995310,573.946,200.0
1727288995473,573.8701,75.0
1727288995473,573.8701,75.0
1727288995683,573.945,4.0
1727288995683,573.945,4.0
1727288996423,574.02,1.0
1727288996423,574.02,5.0
1727288996423,574.02,2.0
1727288996424,574.01,100.0
1727288996424,574.02,66.0
1727288996424,574.02,1.0
1727288996426,574.02,100.0
1727288996426,574.02,4.0
1727288996426,574.02,100.0
1727288996426,574.02,2.0
1727288996427,574.0,1.0
1727288996423,574.02,1.0
1727288996423,574.02,5.0
1727288996423,574.02,2.0
1727288996424,574.01,100.0
1727288996424,574.02,66.0
1727288996424,574.02,1.0
1727288996426,574.02,100.0
1727288996426,574.02,4.0
1727288996426,574.02,100.0
1727288996426,574.02,2.0
1727288996427,574.0,1.0
1727288996732,574.02,20.0
1727288996732,574.02,1780.0
1727288996732,574.02,20.0
1727288996732,574.02,1780.0
1727288996669,573.945,286.0
1727288996671,573.94,14.0
1727288996674,574.02,29.0
1727288996669,573.945,286.0
1727288996671,573.94,14.0
1727288996674,574.02,29.0
1727288997067,573.8701,29.0
1727288997067,573.8701,29.0
1727288997614,573.9487,112.0
1727288997401,573.945,5.0
1727288997673,573.945,300.0
1727288997401,573.945,5.0
1727288997673,573.945,300.0
1727288997611,573.9487,88.0
1727288997612,573.98,112.0
1727288997612,573.8405,20.0
1727288997614,573.9487,112.0
1727288997611,573.9487,88.0
1727288997612,573.98,112.0
1727288997612,573.8405,20.0
1727288997792,574.005,88.0
1727288997794,573.98,112.0
1727288997792,574.005,88.0
1727288997794,573.98,112.0
1727288997845,573.93,60.0
1727288997845,573.93,60.0
1727288997927,573.9,25.0
1727288997927,573.9,25.0
1727288998185,573.945,4.0
1727288998189,573.945,3.0
1727288998185,573.945,4.0
1727288998189,573.945,3.0
1727288998809,574.0144,1.0
1727288998809,574.0144,1.0
1727288998434,573.95,3.0
1727288998434,573.95,1.0
1727288998434,573.95,3.0
1727288998434,573.95,1.0
1727288999157,573.945,1.0
1727288999157,573.945,1.0
1727288999184,573.945,20.0
1727288999184,573.945,20.0
1727288999932,574.01,13.0
1727288999272,573.8963,1.0
1727288999932,574.01,13.0
1727288999272,573.8963,1.0
1727288999328,574.0199,1.0
1727288999328,574.0199,1.0
1727288999639,574.01,11.0
1727288999639,574.01,11.0
1727288999655,574.01,10.0
1727288999655,574.01,10.0
1727288999682,574.01,30.0
1727288999682,574.01,30.0
1727288999703,573.9697,2.0
1727288999703,573.9697,2.0
1727288999796,574.02,1.0
1727288999796,574.02,1.0
1727288999808,574.02,4.0
1727288999816,574.02,11.0
1727288999808,574.02,4.0
1727288999816,574.02,11.0
1727289000059,574.01,10.0
1727289000059,574.01,10.0
1727289000509,574.01,10.0
1727289000509,574.01,10.0
1727289000731,573.945,43.0
1727289000731,573.945,43.0
1727289000748,574.0192,386.0
1727289000748,574.0192,386.0
1727289000989,574.0,50.0
1727289000989,574.0,50.0
1727289001003,574.0,3.0
1727289001003,574.0,3.0
1727289001057,573.9992,10.0
1727289001057,573.9992,10.0
1727289001193,573.94,25.0
1727289001196,573.945,2.0
1727289001193,573.94,25.0
1727289001196,573.945,2.0
1727289001290,573.945,3.0
1727289001290,573.945,3.0
1727289001454,573.9996,15.0
1727289001454,573.9996,15.0
1727289001552,573.945,5.0
1727289001552,573.945,5.0
1727289001810,573.963,140.0
1727289001810,573.963,140.0
1727289002065,574.0,5.0
1727289002065,574.0,5.0
1727289002121,574.0199,1.0
1727289002121,574.0199,1.0
1727289002306,573.94,25.0
1727289002306,573.94,25.0
1727289002420,573.945,35.0
1727289002420,573.945,35.0
1727289002963,573.945,10.0
1727289002963,573.945,10.0
1727289002658,574.0199,2.0
1727289002658,574.0199,2.0
1727289002680,573.88,9.0
1727289002680,573.88,9.0
1727289003231,574.0,4.0
1727289003231,574.0,4.0
1727289003770,573.945,2.0
1727289003770,573.945,2.0
1727289003800,573.87,3.0
1727289003800,573.87,3.0
1727289003858,573.998,5.0
1727289003858,573.998,5.0
1727289003930,573.94,30.0
1727289003930,573.94,30.0
1727289004190,574.02,40.0
1727289004190,574.02,21.0
1727289004194,573.94,9.0
1727289004190,574.02,40.0
1727289004190,574.02,21.0
1727289004194,573.94,9.0
1727289004238,573.94,91.0
1727289004242,573.94,9.0
1727289004238,573.94,91.0
1727289004242,573.94,9.0
1727289004824,573.9991,21.0
1727289004824,573.9991,21.0
1727289005003,573.998,2.0
1727289005003,573.998,2.0
1727289005570,573.945,300.0
1727289005571,573.94,50.0
1727289005570,573.945,300.0
1727289005571,573.94,50.0
1727289005813,573.945,300.0
1727289005813,573.945,300.0
1727289006329,574.0,4.0
1727289006329,574.0,4.0
1727289006529,573.95,6.0
1727289006529,573.94,61.0
1727289006529,573.99,74.0
1727289006529,573.95,6.0
1727289006529,573.94,61.0
1727289006529,573.99,74.0
1727289006667,574.02,6.0
1727289006670,573.985,25.0
1727289006671,573.995,25.0
1727289006671,574.02,4.0
1727289006667,574.02,6.0
1727289006670,573.985,25.0
1727289006684,573.995,5.0
1727289006685,574.015,2.0
1727289006671,573.995,25.0
1727289006671,574.02,4.0
1727289006684,573.995,5.0
1727289006685,574.015,2.0
1727289006721,573.985,25.0
1727289006721,574.0,20.0
1727289006721,573.985,25.0
1727289006721,574.0,20.0
1727289006741,573.985,5.0
1727289006741,574.005,12.0
1727289006741,573.985,5.0
1727289006741,574.005,12.0
1727289006754,574.02,24.0
1727289006754,574.02,24.0
1727289006788,574.02,6.0
1727289006788,574.02,6.0
1727289007726,573.9992,50.0
1727289007726,573.9992,50.0
1727289008779,573.87,3.0
1727289008779,573.87,3.0
1727289009682,573.9206,3.0
1727289009682,573.920638,3.0
1727289009377,573.9472,100.0
1727289009377,573.9472,100.0
1727289009539,573.9,1.0
1727289009539,573.9,1.0
1727289010349,573.945,233.0
1727289010356,573.89,10.0
1727289010356,573.89,25.0
1727289010356,573.89,25.0
1727289010356,573.88,3.0
1727289010356,573.88,25.0
1727289010356,573.87,110.0
1727289010356,573.9,10.0
1727289010356,573.88,4.0
1727289010356,573.87,12.0
1727289010356,573.87,12.0
1727289010356,573.88,2.0
1727289010357,573.87,4.0
1727289010357,573.87,2.0
1727289010357,573.87,10.0
1727289010357,573.87,2.0
1727289010357,573.87,1.0
1727289010357,573.865,6.0
1727289010357,573.865,10.0
1727289010357,573.94,8.0
1727289010357,573.94,7.0
1727289010357,573.94,6.0
1727289010358,573.87,100.0
1727289010358,573.87,7.0
1727289010358,573.86,100.0
1727289010358,573.86,50.0
1727289010358,573.86,6.0
1727289010358,573.87,4.0
1727289010358,573.87,25.0
1727289010358,573.87,25.0
1727289010349,573.945,233.0
1727289010356,573.89,10.0
1727289010356,573.89,25.0
1727289010356,573.89,25.0
1727289010356,573.88,3.0
1727289010356,573.87,110.0
1727289010356,573.88,25.0
1727289010356,573.9,10.0
1727289011151,573.83,100.0
1727289010356,573.88,4.0
1727289010356,573.87,12.0
1727289010356,573.87,12.0
1727289010356,573.88,2.0
1727289010357,573.87,4.0
1727289011151,573.83,100.0
1727289010357,573.87,2.0
1727289010357,573.87,10.0
1727289010357,573.87,2.0
1727289010357,573.87,1.0
1727289010357,573.865,6.0
1727289010357,573.865,10.0
1727289010357,573.94,8.0
1727289010357,573.94,7.0
1727289010357,573.94,6.0
1727289010358,573.87,100.0
1727289010358,573.87,7.0
1727289010358,573.86,100.0
1727289010358,573.86,50.0
1727289010358,573.86,6.0
1727289010358,573.87,4.0
1727289010358,573.87,25.0
1727289010358,573.87,25.0
1727289010773,573.91,10.0
1727289010773,573.91,10.0
1727289010918,573.968,10.0
1727289010918,573.968,10.0
1727289011570,573.9922,4.0
1727289011570,573.9922,4.0
1727289011733,573.91,200.0
1727289011733,573.91,200.0
1727289011858,573.83,1.0
1727289011858,573.83,1.0
1727289012056,573.97,5.0
1727289012056,573.97,5.0
1727289012521,573.83,5.0
1727289012521,573.83,25.0
1727289012521,573.83,9.0
1727289012521,573.83,5.0
1727289012521,573.83,25.0
1727289012521,573.83,9.0
1727289012970,573.8,1.0
1727289012970,573.8,1.0
1727289013044,573.82,4.0
1727289013044,573.82,4.0
1727289013393,573.83,3.0
1727289013393,573.83,3.0
1727289014178,573.89,32.0
1727289014178,573.89,32.0
1727289013906,573.9748,10.0
1727289013906,573.9748,10.0
1727289013978,573.91,12.0
1727289013978,573.91,12.0
1727289014011,573.82,25.0
1727289014011,573.83,5.0
1727289014011,573.81,5.0
1727289014012,573.83,13.0
1727289014013,573.83,87.0
1727289014013,573.82,13.0
1727289014013,573.81,36.0
1727289014014,573.8,10.0
1727289014014,573.81,316.0
1727289014011,573.82,25.0
1727289014011,573.83,5.0
1727289014011,573.81,5.0
1727289014012,573.83,13.0
1727289014013,573.83,87.0
1727289014013,573.82,13.0
1727289014013,573.81,36.0
1727289014014,573.8,10.0
1727289014014,573.81,316.0
1727289014307,573.8,100.0
1727289014307,573.8,100.0
1727289014697,573.89,300.0
1727289014697,573.89,300.0
1727289015377,573.7601,100.0
1727289015377,573.7601,100.0
1727289016118,574.0199,5.0
1727289016118,574.0199,5.0
1727289016129,573.76,1.0
1727289016129,573.76,1.0
1727289016257,573.89,10.0
1727289016257,573.89,10.0
1727289016546,574.2176,1.0
1727289016546,574.2176,1.0
1727289016580,574.0188,1.0
1727289016580,574.0188,1.0
1727289016689,573.81,3.0
1727289016693,573.81,6.0
1727289016699,573.972,10.0
1727289016689,573.81,3.0
1727289016693,573.81,6.0
1727289016699,573.972,10.0
1727289017353,574.02,1.0
1727289016986,573.9626,100.0
1727289016986,573.9626,100.0
1727289017353,574.02,1.0
1727289017827,573.8977,11.0
1727289017827,573.8977,11.0
1727289018154,573.8101,1.0
1727289018154,573.8101,1.0
1727289018727,574.0199,100.0
1727289018727,574.0199,100.0
1727289020377,574.02,176.0
1727289020377,574.02,24.0
1727289020377,574.02,24.0
1727289020642,573.925,10.0
1727289020642,573.925,10.0
1727289020377,574.02,176.0
1727289020733,573.925,20.0
1727289020733,573.925,20.0
1727289020916,573.925,200.0
1727289020916,573.925,200.0
1727289021601,573.83,3.0
1727289021601,573.83,3.0
1727289021789,573.95,1.0
1727289021789,573.95,1.0
1727289022464,573.925,1.0
1727289022464,573.925,1.0
1727289022505,573.925,3.0
1727289022505,573.925,3.0
1727289022632,573.95,100.0
1727289022632,573.95,100.0
1727289022683,573.925,1.0
1727289022683,573.925,1.0
1727289022856,573.925,12.0
1727289022856,573.925,12.0
1727289022857,573.8775,288.0
1727289022857,573.8775,288.0
1727289024112,573.944,10.0
1727289024112,573.944,10.0
1727289024241,574.0188,1.0
1727289024241,574.0188,1.0
1727289024493,573.84,7.0
1727289024493,573.84,7.0
1727289024527,574.02,10.0
1727289024527,574.02,10.0
1727289024976,573.87,100.0
1727289024976,573.87,100.0
1727289025043,573.88,4.0
1727289025043,573.88,4.0
1727289025184,574.02,200.0
1727289025184,574.02,200.0
1727289025491,573.97,6.0
1727289025491,573.97,7.0
1727289025491,573.94,50.0
1727289025492,573.97,50.0
1727289025492,573.925,1.0
1727289025493,573.925,5.0
1727289025498,573.925,1.0
1727289025491,573.97,6.0
1727289025491,573.97,7.0
1727289025491,573.94,50.0
1727289025492,573.925,1.0
1727289025493,573.925,5.0
1727289025492,573.97,50.0
1727289025498,573.925,1.0
1727289025564,573.9,5.0
1727289025564,573.89,20.0
1727289025564,573.88,25.0
1727289025564,573.88,4.0
1727289025564,573.88,11.0
1727289025564,573.87,25.0
1727289025564,573.87,10.0
1727289025564,573.9,5.0
1727289025564,573.89,20.0
1727289025564,573.88,25.0
1727289025564,573.88,4.0
1727289025564,573.88,11.0
1727289025564,573.87,25.0
1727289025564,573.87,10.0
1727289026007,573.98,1.0
1727289026010,573.85,7.0
1727289026007,573.98,1.0
1727289026010,573.85,7.0
1727289026141,573.925,2.0
1727289026141,573.925,2.0
1727289026647,573.9021,10.0
1727289026647,573.9021,10.0
1727289027295,573.8567,3.0
1727289027298,573.925,10.0
1727289027295,573.8567,3.0
1727289027298,573.925,10.0
1727289027730,573.925,1.0
1727289027730,573.925,1.0
1727289028322,574.0188,1.0
1727289028322,574.0188,1.0
1727289027813,573.8312,1.0
1727289027813,573.8312,1.0
1727289028470,573.944,5.0
1727289028470,573.944,5.0
1727289028726,574.5787,400.0
1727289028726,574.5787,400.0
1727289028808,573.94,10.0
1727289028808,573.94,10.0
1727289029062,573.925,4.0
1727289029062,573.925,4.0
1727289029631,573.94,71.0
1727289029631,574.0,81.0
1727289029631,574.0,25.0
1727289029631,574.01,4.0
1727289029631,574.01,19.0
1727289029632,573.99,1.0
1727289029632,573.95,1.0
1727289029632,573.95,1.0
1727289029632,573.94,4.0
1727289029632,573.94,1.0
1727289029632,573.94,48.0
1727289029632,573.94,4.0
1727289029633,573.94,100.0
1727289029635,573.94,92.0
1727289029635,573.97,1.0
1727289029635,573.99,4.0
1727289029635,574.0,3.0
1727289029636,573.98,1.0
1727289029631,573.94,71.0
1727289029631,574.0,81.0
1727289029631,574.0,25.0
1727289029631,574.01,4.0
1727289029631,574.01,19.0
1727289029632,573.99,1.0
1727289029632,573.95,1.0
1727289029632,573.95,1.0
1727289029632,573.94,4.0
1727289029632,573.94,1.0
1727289029632,573.94,48.0
1727289029632,573.94,4.0
1727289029633,573.94,100.0
1727289029635,573.94,92.0
1727289029635,573.97,1.0
1727289029635,573.99,4.0
1727289029635,574.0,3.0
1727289029636,573.98,1.0
1727289029841,573.93,1.0
1727289029849,573.995,4.0
1727289029841,573.93,1.0
1727289029849,573.995,4.0
1727289029967,573.975,2.0
1727289029967,573.975,2.0
1727289030255,573.93,2.0
1727289030256,573.93,2.0
1727289030255,573.93,2.0
1727289030256,573.93,2.0
1727289030279,573.9301,100.0
1727289030279,573.9301,100.0
1727289030378,573.93,1.0
1727289030378,573.93,1.0
1727289030565,573.93,9.0
1727289030566,573.93,1.0
1727289030566,573.93,100.0
1727289030566,573.93,10.0
1727289030569,573.93,900.0
1727289030565,573.93,9.0
1727289030566,573.93,100.0
1727289030566,573.93,1.0
1727289030566,573.93,10.0
1727289030569,573.93,900.0
1727289030812,573.915,500.0
1727289030813,573.86,1.0
1727289030813,573.895,20.0
1727289030813,573.85,25.0
1727289030813,573.83,1.0
1727289030813,573.83,4.0
1727289030813,573.83,100.0
1727289030813,573.83,25.0
1727289030813,573.82,200.0
1727289030813,573.82,3.0
1727289030813,573.81,33.0
1727289030813,573.85,15.0
1727289030813,573.82,81.0
1727289030813,573.81,785.0
1727289030813,573.83,4.0
1727289030813,573.83,1.0
1727289030813,573.83,14.0
1727289030813,573.83,86.0
1727289030813,573.83,18.0
1727289030813,573.81,182.0
1727289030813,573.8,1.0
1727289030814,573.82,100.0
1727289030815,573.82,7.0
1727289030815,573.82,8.0
1727289030818,573.8,4.0
1727289030820,573.88,10.0
1727289030822,573.82,5.0
1727289030823,573.84,16.0
1727289030823,573.84,3.0
1727289030824,573.83,12.0
1727289030824,573.84,41.0
1727289030824,573.83,18.0
1727289030812,573.915,500.0
1727289030829,573.84,100.0
1727289030813,573.86,1.0
1727289030813,573.895,20.0
1727289030813,573.85,25.0
1727289030813,573.83,1.0
1727289030813,573.83,4.0
1727289030813,573.83,100.0
1727289030813,573.83,25.0
1727289030813,573.82,200.0
1727289030813,573.82,3.0
1727289030813,573.81,33.0
1727289030813,573.85,15.0
1727289030813,573.82,81.0
1727289030813,573.81,785.0
1727289030813,573.83,4.0
1727289030860,573.9226,20.0
1727289030813,573.83,1.0
1727289030813,573.83,14.0
1727289030813,573.83,86.0
1727289030813,573.83,18.0
1727289030813,573.81,182.0
1727289030813,573.8,1.0
1727289030814,573.82,100.0
1727289030815,573.82,7.0
1727289030815,573.82,8.0
1727289030818,573.8,4.0
1727289030820,573.88,10.0
1727289030822,573.82,5.0
1727289030823,573.84,16.0
1727289030823,573.84,3.0
1727289030824,573.83,12.0
1727289030824,573.84,41.0
1727289030824,573.83,18.0
1727289030874,573.9988,1.0
1727289030829,573.84,100.0
1727289030860,573.9226,20.0
1727289030874,573.9988,1.0
1727289031226,573.8,9.0
1727289031226,573.8,9.0
1727289031242,573.835,50.0
1727289031242,573.835,50.0
1727289031894,573.8888,1.0
1727289031894,573.8888,1.0
1727289032431,573.835,5.0
1727289032431,573.835,5.0
1727289032979,573.8742,4.0
1727289032979,573.8742,4.0
1727289033015,573.78,100.0
1727289033015,573.78,100.0
1727289033015,573.78,100.0
1727289033015,573.78,100.0
1727289033015,573.8,4.0
1727289033015,573.74,567.0
1727289033015,573.75,48.0
1727289033015,573.79,52.0
1727289033015,573.75,105.0
1727289033015,573.78,1.0
1727289033015,573.79,95.0
1727289033015,573.74,130.0
1727289033015,573.74,25.0
1727289033015,573.74,68.0
1727289033015,573.75,8.0
1727289033015,573.74,210.0
1727289033015,573.74,418.0
1727289033015,573.71,100.0
1727289033015,573.75,1.0
1727289033015,573.74,482.0
1727289033015,573.71,3.0
1727289033015,573.73,3.0
1727289033016,573.72,25.0
1727289033017,573.71,1.0
1727289033017,573.72,75.0
1727289033019,573.72,6.0
1727289033015,573.78,100.0
1727289033015,573.78,100.0
1727289033015,573.78,100.0
1727289033015,573.78,100.0
1727289033015,573.8,4.0
1727289033015,573.74,567.0
1727289033015,573.75,48.0
1727289033041,573.7,1.0
1727289033041,573.64,7.0
1727289033041,573.62,7.0
1727289033041,573.62,85.0
1727289033041,573.63,20.0
1727289033041,573.62,1.0
1727289033041,573.6,745.0
1727289033041,573.66,1.0
1727289033042,573.64,50.0
1727289033042,573.62,100.0
1727289033042,573.61,12.0
1727289033042,573.62,15.0
1727289033015,573.79,52.0
1727289033042,573.61,4.0
1727289033015,573.75,105.0
1727289033015,573.78,1.0
1727289033015,573.79,95.0
1727289033015,573.74,130.0
1727289033015,573.74,25.0
1727289033015,573.74,68.0
1727289033015,573.75,8.0
1727289033015,573.74,210.0
1727289033015,573.74,418.0
1727289033043,573.62,100.0
1727289033043,573.62,1.0
1727289033046,573.62,100.0
1727289033015,573.71,100.0
1727289033015,573.75,1.0
1727289033015,573.74,482.0
1727289033015,573.71,3.0
1727289033015,573.73,3.0
1727289033016,573.72,25.0
1727289033017,573.71,1.0
1727289033017,573.72,75.0
1727289033019,573.72,6.0
1727289033051,573.6145,100.0
1727289033052,573.6,155.0
1727289033052,573.6,200.0
1727289033052,573.6,200.0
1727289033052,573.6,1.0
1727289033052,573.6,1.0
1727289033052,573.6,1.0
1727289033052,573.59,68.0
1727289033052,573.6,200.0
1727289033052,573.59,1.0
1727289033041,573.7,1.0
1727289033053,573.61,1.0
1727289033053,573.61,22.0
1727289033053,573.61,25.0
1727289033055,573.6,1.0
1727289033041,573.64,7.0
1727289033041,573.62,7.0
1727289033041,573.62,85.0
1727289033055,573.5,1.0
1727289033056,573.5,1.0
1727289033041,573.63,20.0
1727289033041,573.62,1.0
1727289033041,573.6,745.0
1727289033059,573.5,499.0
1727289033059,573.665,4.0
1727289033061,573.5,100.0
1727289033041,573.66,1.0
1727289033062,573.5,10.0
1727289033066,573.79,1.0
1727289033063,573.5,10.0
1727289033042,573.64,50.0
1727289033042,573.62,100.0
1727289033042,573.61,12.0
1727289033042,573.62,15.0
1727289033042,573.61,4.0
1727289033043,573.62,100.0
1727289033074,573.59,32.0
1727289033074,573.56,1.0
1727289033074,573.56,1.0
1727289033074,573.55,5.0
1727289033074,573.55,1.0
1727289033074,573.52,3.0
1727289033074,573.52,1.0
1727289033074,573.51,7.0
1727289033074,573.55,6.0
1727289033074,573.53,7.0
1727289033074,573.5,308.0
1727289033074,573.5,7.0
1727289033043,573.62,1.0
1727289033074,573.5,7.0
1727289033074,573.5,185.0
1727289033074,573.62,7.0
1727289033074,573.61,1.0
1727289033074,573.5,1.0
1727289033074,573.61,25.0
1727289033074,573.62,1.0
1727289033074,573.61,1.0
1727289033074,573.61,4.0
1727289033074,573.61,19.0
1727289033074,573.61,1.0
1727289033074,573.5,1.0
1727289033074,573.61,100.0
1727289033075,573.61,11.0
1727289033075,573.5,5.0
1727289033075,573.5,692.0
1727289033075,573.5,1.0
1727289033075,573.5,7.0
1727289033075,573.61,1.0
1727289033075,573.61,1.0
1727289033075,573.58,12.0
1727289033075,573.61,1.0
1727289033075,573.5,1.0
1727289033075,573.5,2.0
1727289033075,573.61,100.0
1727289033075,573.62,12.0
1727289033075,573.5,14.0
1727289033074,573.61,25.0
1727289033075,573.5,300.0
1727289033075,573.5,100.0
1727289033075,573.5,3.0
1727289033075,573.5,120.0
1727289033075,573.5,7.0
1727289033075,573.56,11.0
1727289033075,573.5,11.0
1727289033075,573.5,8.0
1727289033075,573.62,12.0
1727289033075,573.5,12.0
1727289033075,573.6,14.0
1727289033075,573.5,3.0
1727289033075,573.5,14.0
1727289033075,573.61,1.0
1727289033075,573.5,1.0
1727289033075,573.56,10.0
1727289033075,573.61,1.0
1727289033075,573.5,4.0
1727289033075,573.5,14.0
1727289033075,573.61,1.0
1727289033075,573.5,14.0
1727289033075,573.5,12.0
1727289033075,573.5,2.0
1727289033075,573.5,65.0
1727289033075,573.6,4.0
1727289033075,573.6,14.0
1727289033075,573.6,2.0
1727289033075,573.5,14.0
1727289033075,573.6,1.0
1727289033075,573.61,100.0
1727289033075,573.6,2.0
1727289033076,573.51,100.0
1727289033076,573.5,14.0
1727289033076,573.51,14.0
1727289033076,573.5,400.0
1727289033076,573.59,27.0
1727289033076,573.5,372.0
1727289033076,573.59,30.0
1727289033076,573.59,30.0
1727289033076,573.59,14.0
1727289033046,573.62,100.0
1727289033076,573.61,22.0
1727289033076,573.5,100.0
1727289033076,573.61,1.0
1727289033076,573.59,100.0
1727289033077,573.5,18.0
1727289033051,573.6145,100.0
1727289033052,573.6,155.0
1727289033052,573.6,200.0
1727289033052,573.6,200.0
1727289033052,573.6,1.0
1727289033052,573.6,1.0
1727289033052,573.59,68.0
1727289033052,573.6,1.0
1727289033052,573.6,200.0
1727289033052,573.59,1.0
1727289033053,573.61,1.0
1727289033053,573.61,22.0
1727289033053,573.61,25.0
1727289033083,573.56,7.0
1727289033055,573.6,1.0
1727289033055,573.5,1.0
1727289033056,573.5,1.0
1727289033059,573.5,499.0
1727289033059,573.665,4.0
1727289033061,573.5,100.0
1727289033062,573.5,10.0
1727289033063,573.5,10.0
1727289033066,573.79,1.0
1727289033074,573.59,32.0
1727289033074,573.56,1.0
1727289033074,573.56,1.0
1727289033074,573.55,5.0
1727289033074,573.55,1.0
1727289033074,573.52,3.0
1727289033074,573.52,1.0
1727289033074,573.51,7.0
1727289033074,573.55,6.0
1727289033074,573.53,7.0
1727289033074,573.5,7.0
1727289033074,573.5,308.0
1727289033074,573.5,7.0
1727289033074,573.5,185.0
1727289033074,573.62,7.0
1727289033074,573.61,1.0
1727289033074,573.61,25.0
1727289033074,573.5,1.0
1727289033074,573.61,25.0
1727289033074,573.62,1.0
1727289033074,573.61,1.0
1727289033074,573.61,4.0
1727289033074,573.61,19.0
1727289033074,573.61,1.0
1727289033074,573.5,1.0
1727289033075,573.61,11.0
1727289033075,573.5,5.0
1727289033074,573.61,100.0
1727289033075,573.5,1.0
1727289033075,573.5,7.0
1727289033075,573.5,692.0
1727289033075,573.61,1.0
1727289033075,573.61,1.0
1727289033075,573.58,12.0
1727289033075,573.61,1.0
1727289033075,573.5,1.0
1727289033075,573.5,2.0
1727289033075,573.61,100.0
1727289033075,573.62,12.0
1727289033075,573.5,14.0
1727289033075,573.5,300.0
1727289033075,573.5,100.0
1727289033075,573.5,3.0
1727289033075,573.5,12.0
1727289033075,573.5,120.0
1727289033075,573.5,7.0
1727289033075,573.56,11.0
1727289033075,573.5,11.0
1727289033075,573.5,8.0
1727289033075,573.62,12.0
1727289033075,573.5,3.0
1727289033075,573.6,14.0
1727289033075,573.5,12.0
1727289033075,573.5,14.0
1727289033075,573.61,1.0
1727289033075,573.5,1.0
1727289033075,573.56,10.0
1727289033075,573.61,1.0
1727289033075,573.5,4.0
1727289033075,573.5,14.0
1727289033075,573.61,1.0
1727289033075,573.5,14.0
1727289033075,573.5,14.0
1727289033075,573.5,2.0
1727289033075,573.5,65.0
1727289033075,573.6,4.0
1727289033075,573.6,14.0
1727289033075,573.6,2.0
1727289033075,573.6,2.0
1727289033075,573.6,1.0
1727289033075,573.61,100.0
1727289033076,573.51,14.0
1727289033076,573.51,100.0
1727289033076,573.5,14.0
1727289033076,573.5,100.0
1727289033076,573.5,400.0
1727289033076,573.59,27.0
1727289033076,573.5,372.0
1727289033076,573.59,30.0
1727289033076,573.59,30.0
1727289033076,573.59,14.0
1727289033076,573.61,22.0
1727289033076,573.59,100.0
1727289033076,573.61,1.0
1727289033077,573.5,18.0
1727289033083,573.56,7.0
1727289033125,573.54,100.0
1727289033126,573.61,100.0
1727289033127,573.54,9.0
1727289033134,573.54,12.0
1727289033134,573.63,1.0
1727289033134,573.54,1.0
1727289033134,573.54,12.0
1727289033134,573.57,89.0
1727289033125,573.54,100.0
1727289033126,573.61,100.0
1727289033127,573.54,9.0
1727289033143,573.56,13.0
1727289033143,573.53,87.0
1727289033134,573.54,12.0
1727289033134,573.63,1.0
1727289033145,573.52,25.0
1727289033145,573.52,75.0
1727289033134,573.54,1.0
1727289033134,573.54,12.0
1727289033134,573.57,89.0
1727289033146,573.45,3.0
1727289033146,573.45,2.0
1727289033146,573.45,1.0
1727289033146,573.44,94.0
1727289033147,573.61,100.0
1727289033148,573.61,66.0
1727289033143,573.56,13.0
1727289033143,573.53,87.0
1727289033145,573.52,25.0
1727289033145,573.52,75.0
1727289033146,573.45,3.0
1727289033146,573.45,2.0
1727289033146,573.45,1.0
1727289033146,573.44,94.0
1727289033147,573.61,100.0
1727289033148,573.61,66.0
1727289033241,573.61,1.0
1727289033241,573.61,1.0
1727289033327,573.54,20.0
1727289033327,573.54,20.0
1727289033361,573.5001,20.0
1727289033361,573.5001,20.0
1727289033546,573.61,100.0
1727289033546,573.61,100.0
1727289033546,573.61,64.0
1727289033546,573.7566,20.0
1727289033546,573.6,1.0
1727289033546,573.61,100.0
1727289033546,573.61,100.0
1727289033546,573.61,64.0
1727289033546,573.7566,20.0
1727289033546,573.6,1.0
1727289033646,573.535,100.0
1727289033646,573.535,100.0
1727289033690,573.66,100.0
1727289033690,573.66,100.0
1727289033934,573.5012,1.0
1727289033934,573.5012,1.0
1727289034213,573.57,4.0
1727289034213,573.57,4.0
1727289034513,573.55,25.0
1727289034514,573.535,75.0
1727289034519,573.38,100.0
1727289034519,573.38,100.0
1727289034519,573.45,25.0
1727289034519,573.395,75.0
1727289034519,573.53,100.0
1727289034513,573.55,25.0
1727289034514,573.535,75.0
1727289034519,573.38,100.0
1727289034519,573.38,100.0
1727289034519,573.45,25.0
1727289034676,573.535,100.0
1727289034519,573.395,75.0
1727289034519,573.53,100.0
1727289034676,573.535,100.0
1727289034982,573.535,34.0
1727289035042,573.51,2.0
1727289035631,573.575,1.0
1727289035631,573.575,1.0
1727289034982,573.535,34.0
1727289035748,573.5648,1.0
1727289035748,573.5648,1.0
1727289036012,573.69,1.0
1727289036012,573.69,1.0
1727289035042,573.51,2.0
1727289035557,573.575,100.0
1727289035557,573.575,100.0
1727289036439,573.6561,100.0
1727289036467,573.506,1.0
1727289036439,573.6561,100.0
1727289036467,573.506,1.0
1727289035276,573.4601,1.0
1727289035292,573.575,1.0
1727289035276,573.4601,1.0
1727289035292,573.575,1.0
1727289036749,573.56,5.0
1727289036745,573.57,100.0
1727289036745,573.57,17.0
1727289036745,573.5,10.0
1727289036745,573.57,154.0
1727289036746,573.57,50.0
1727289036765,573.575,3.0
1727289036748,573.57,2.0
1727289036748,573.57,2.0
1727289036748,573.57,2.0
1727289036748,573.57,21.0
1727289036749,573.56,5.0
1727289036745,573.57,100.0
1727289036745,573.57,17.0
1727289036745,573.5,10.0
1727289036745,573.57,154.0
1727289036765,573.575,3.0
1727289036746,573.57,50.0
1727289036748,573.57,2.0
1727289036748,573.57,2.0
1727289036748,573.57,2.0
1727289036748,573.57,21.0
1727289036980,573.575,1.0
1727289036980,573.575,1.0
1727289037197,573.6032,8.0
1727289037201,573.46,1.0
1727289037205,573.6032,1.0
1727289037197,573.6032,8.0
1727289037201,573.46,1.0
1727289037205,573.6032,1.0
1727289037216,573.6509,6.0
1727289037216,573.6509,6.0
1727289037604,573.575,1.0
1727289037604,573.575,1.0
1727289037621,573.54,100.0
1727289037621,573.54,100.0
1727289037819,573.46,85.0
1727289037819,573.46,85.0
1727289037691,573.6457,6.0
1727289037691,573.645761,6.0
1727289038097,573.4077,250.0
1727289038097,573.4077,250.0
1727289038952,573.5924,5.0
1727289038952,573.5924,5.0
1727289038502,573.52,25.0
1727289038502,573.515,7.0
1727289038504,573.515,25.0
1727289038506,573.515,1.0
1727289038502,573.52,25.0
1727289038502,573.515,7.0
1727289038504,573.515,25.0
1727289038506,573.515,1.0
1727289038530,573.6888,1.0
1727289038530,573.6888,1.0
1727289038676,573.69,2.0
1727289038676,573.69,2.0
1727289038750,573.515,100.0
1727289038750,573.515,100.0
1727289038894,573.46,25.0
1727289038894,573.46,25.0
1727289039050,573.68,10.0
1727289039050,573.68,10.0
1727289039293,573.52,4.0
1727289039293,573.52,4.0
1727289039762,573.5718,100.0
1727289039762,573.5718,100.0
1727289039772,573.68,6.0
1727289039772,573.68,6.0
1727289039834,573.6562,10.0
1727289039834,573.6562,10.0
1727289040298,573.5,3.0
1727289040298,573.5,3.0
1727289040649,573.5,100.0
1727289040649,573.5,100.0
1727289040745,573.595,25.0
1727289040745,573.595,25.0
1727289041240,573.595,1.0
1727289041240,573.595,1.0
1727289041409,573.595,1.0
1727289041409,573.595,1.0
1727289042075,573.68,10.0
1727289042075,573.68,10.0
1727289041853,573.6613,100.0
1727289041853,573.6613,100.0
1727289041954,574.5229,1100.0
1727289041954,574.5229,1100.0
1727289041969,573.576,50.0
1727289041969,573.576,50.0
1727289042384,573.6215,5.0
1727289042384,573.6215,5.0
1727289042530,573.5292,1.0
1727289042530,573.5292,1.0
1727289042704,573.5292,1.0
1727289042704,573.5292,1.0
1727289042747,573.6891,100.0
1727289042747,573.6891,100.0
1727289042884,573.6882,100.0
1727289042884,573.6882,100.0
1727289042896,573.8894,1.0
1727289042896,573.8894,1.0
1727289043354,573.6,38.0
1727289043357,573.6,1.0
1727289043354,573.6,38.0
1727289043366,573.67,5.0
1727289043357,573.6,1.0
1727289043366,573.67,5.0
1727289043387,573.6,10.0
1727289043387,573.6,10.0
1727289043425,573.67,25.0
1727289043425,573.675,12.0
1727289043425,573.67,20.0
1727289043434,573.582,24.0
1727289043425,573.67,25.0
1727289043425,573.675,12.0
1727289043425,573.67,20.0
1727289043458,573.67,5.0
1727289043434,573.582,24.0
1727289043458,573.67,5.0
1727289043468,573.68,33.0
1727289043468,573.68,33.0
1727289044191,573.655,13.0
1727289044186,573.6,2000.0
1727289044187,573.5101,64.0
1727289044187,573.68,5.0
1727289044187,573.69,80.0
1727289044187,573.69,44.0
1727289044187,573.69,9.0
1727289044187,573.69,56.0
1727289044187,573.74,4.0
1727289044187,573.74,37.0
1727289044187,573.69,4.0
1727289044187,573.65,100.0
1727289044187,573.69,1.0
1727289044187,573.68,1.0
1727289044187,573.69,4.0
1727289044187,573.69,1.0
1727289044187,573.69,61.0
1727289044187,573.69,51.0
1727289044187,573.69,383.0
1727289044187,573.74,1.0
1727289044187,573.74,11.0
1727289044187,573.69,1.0
1727289044188,573.69,117.0
1727289044188,573.69,7.0
1727289044188,573.69,3.0
1727289044188,573.68,60.0
1727289044188,573.68,100.0
1727289044188,573.69,25.0
1727289044188,573.69,200.0
1727289044188,573.69,60.0
1727289044188,573.69,200.0
1727289044188,573.69,100.0
1727289044188,573.69,5.0
1727289044188,573.69,12.0
1727289044188,573.69,183.0
1727289044188,573.69,20.0
1727289044188,573.69,10.0
1727289044188,573.69,10.0
1727289044188,573.69,11.0
1727289044188,573.69,49.0
1727289044188,573.69,51.0
1727289044188,573.69,100.0
1727289044188,573.69,49.0
1727289044188,573.69,17.0
1727289044188,573.615,100.0
1727289044188,573.74,3.0
1727289044188,573.76,10.0
1727289044188,573.69,25.0
1727289044188,573.79,1.0
1727289044188,573.69,25.0
1727289044188,573.78,2.0
1727289044188,573.78,1.0
1727289044188,573.78,6.0
1727289044188,573.6525,20.0
1727289044188,573.69,25.0
1727289044191,573.655,13.0
1727289044238,573.72,5.0
1727289044247,573.78,48.0
1727289044247,573.79,25.0
1727289044247,573.8,100.0
1727289044247,573.8,100.0
1727289044247,573.8,76.0
1727289044247,573.79,100.0
1727289044247,573.8,24.0
1727289044247,573.8,1.0
1727289044247,573.79,48.0
1727289044247,573.81,25.0
1727289044247,573.79,48.0
1727289044247,573.79,44.0
1727289044247,573.79,5.0
1727289044247,573.79,48.0
1727289044247,573.82,100.0
1727289044247,573.8,1.0
1727289044247,573.8,100.0
1727289044247,573.8,100.0
1727289044247,573.84,4.0
1727289044247,573.86,2.0
1727289044247,573.87,100.0
1727289044247,573.8,100.0
1727289044247,573.87,100.0
1727289044247,573.87,104.0
1727289044247,573.87,100.0
1727289044247,573.84,15.0
1727289044247,573.84,18.0
1727289044247,573.84,13.0
1727289044247,573.84,100.0
1727289044247,573.8,60.0
1727289044238,573.72,5.0
1727289044247,573.87,96.0
1727289044247,573.84,100.0
1727289044247,573.84,100.0
1727289044247,573.83,100.0
1727289044247,573.84,13.0
1727289044247,573.87,2.0
1727289044247,573.84,87.0
1727289044247,573.84,100.0
1727289044247,573.83,100.0
1727289044247,573.84,13.0
1727289044247,573.86,1.0
1727289044247,573.6309,20.0
1727289044247,573.89,4.0
1727289044247,573.89,3.0
1727289044247,573.89,12.0
1727289044247,573.86,1.0
1727289044247,573.86,99.0
1727289044247,573.92,1.0
1727289044247,573.86,51.0
1727289044248,573.89,3.0
1727289044248,573.89,100.0
1727289044248,573.89,1.0
1727289044248,573.9,52.0
1727289044248,573.9,3.0
1727289044248,573.92,3.0
1727289044248,573.94,4.0
1727289044248,573.94,3.0
1727289044248,573.89,4.0
1727289044248,573.91,1.0
1727289044248,573.91,99.0
1727289044248,573.91,100.0
1727289044248,573.91,1.0
1727289044248,573.91,95.0
1727289044248,573.92,1.0
1727289044248,573.91,32.0
1727289044248,573.91,1.0
1727289044248,573.91,5.0
1727289044248,573.91,68.0
1727289044248,573.91,100.0
1727289044248,573.94,1.0
1727289044248,573.92,10.0
1727289044248,573.92,40.0
1727289044248,573.91,98.0
1727289044248,573.92,25.0
1727289044248,573.92,18.0
1727289044248,573.92,6.0
1727289044248,573.875,40.0
1727289044248,573.92,1.0
1727289044249,573.9,40.0
1727289044249,574.0,5.0
1727289044249,573.9,40.0
1727289044249,573.88,25.0
1727289044250,573.87,25.0
1727289044250,574.0,659.0
1727289044250,573.86,10.0
1727289044251,573.97,81.0
1727289044251,574.0,19.0
1727289044251,574.0,2.0
1727289044247,573.78,48.0
1727289044247,573.79,25.0
1727289044247,573.8,100.0
1727289044247,573.8,100.0
1727289044247,573.8,76.0
1727289044247,573.79,100.0
1727289044247,573.8,24.0
1727289044247,573.79,48.0
1727289044247,573.8,1.0
1727289044247,573.81,25.0
1727289044258,574.0,40.0
1727289044247,573.79,48.0
1727289044247,573.79,44.0
1727289044247,573.79,5.0
1727289044247,573.79,48.0
1727289044247,573.82,100.0
1727289044247,573.8,100.0
1727289044247,573.8,1.0
1727289044247,573.8,100.0
1727289044247,573.84,4.0
1727289044247,573.86,2.0
1727289044247,573.87,100.0
1727289044247,573.8,100.0
1727289044247,573.87,100.0
1727289044247,573.87,104.0
1727289044247,573.87,100.0
1727289044247,573.84,15.0
1727289044247,573.84,18.0
1727289044247,573.84,13.0
1727289044247,573.84,100.0
1727289044247,573.8,60.0
1727289044247,573.87,96.0
1727289044247,573.84,100.0
1727289044247,573.84,100.0
1727289044247,573.83,100.0
1727289044247,573.84,13.0
1727289044247,573.87,2.0
1727289044247,573.84,87.0
1727289044247,573.84,100.0
1727289044247,573.84,13.0
1727289044247,573.83,100.0
1727289044247,573.86,1.0
1727289044247,573.6309,20.0
1727289044247,573.89,4.0
1727289044247,573.89,3.0
1727289044247,573.89,12.0
1727289044247,573.86,1.0
1727289044247,573.86,99.0
1727289044247,573.92,1.0
1727289044247,573.86,51.0
1727289044248,573.89,3.0
1727289044248,573.89,100.0
1727289044248,573.89,1.0
1727289044248,573.9,52.0
1727289044248,573.9,3.0
1727289044248,573.92,3.0
1727289044248,573.94,4.0
1727289044248,573.94,3.0
1727289044248,573.89,4.0
1727289044248,573.91,1.0
1727289044248,573.91,99.0
1727289044248,573.91,100.0
1727289044248,573.91,1.0
1727289044248,573.91,95.0
1727289044248,573.92,1.0
1727289044248,573.91,32.0
1727289044248,573.91,1.0
1727289044248,573.91,5.0
1727289044248,573.91,68.0
1727289044248,573.91,100.0
1727289044248,573.94,1.0
1727289044248,573.92,10.0
1727289044248,573.92,40.0
1727289044248,573.91,98.0
1727289044248,573.92,25.0
1727289044248,573.92,18.0
1727289044248,573.92,6.0
1727289044248,573.875,40.0
1727289044248,573.92,1.0
1727289044249,573.9,40.0
1727289044249,574.0,5.0
1727289044249,573.9,40.0
1727289044249,573.88,25.0
1727289044250,573.87,25.0
1727289044250,574.0,659.0
1727289044250,573.86,10.0
1727289044251,573.97,81.0
1727289044251,574.0,19.0
1727289044251,574.0,2.0
1727289044258,574.0,40.0
1727289044291,573.94,60.0
1727289044291,573.94,60.0
1727289043980,573.624,4.0
1727289043982,573.6,5.0
1727289043980,573.624,4.0
1727289043982,573.6,5.0
1727289044019,573.5101,1.0
1727289044019,573.5101,1.0
1727289044186,573.6,2000.0
1727289044187,573.5101,64.0
1727289044187,573.68,5.0
1727289044187,573.69,80.0
1727289044187,573.69,56.0
1727289044187,573.69,44.0
1727289044187,573.69,9.0
1727289044187,573.74,4.0
1727289044187,573.74,37.0
1727289044187,573.69,4.0
1727289044187,573.65,100.0
1727289044187,573.69,1.0
1727289044187,573.68,1.0
1727289044187,573.69,4.0
1727289044187,573.69,1.0
1727289044187,573.69,61.0
1727289044187,573.69,51.0
1727289044187,573.69,383.0
1727289044187,573.74,1.0
1727289044187,573.74,11.0
1727289044187,573.69,1.0
1727289044188,573.69,117.0
1727289044188,573.69,7.0
1727289044188,573.69,3.0
1727289044188,573.68,60.0
1727289044188,573.68,100.0
1727289044188,573.69,25.0
1727289044188,573.69,200.0
1727289044188,573.69,60.0
1727289044188,573.69,200.0
1727289044188,573.69,100.0
1727289044188,573.69,5.0
1727289044188,573.69,12.0
1727289044188,573.69,183.0
1727289044188,573.69,20.0
1727289044188,573.69,10.0
1727289044188,573.69,10.0
1727289044188,573.69,11.0
1727289044188,573.69,49.0
1727289044188,573.69,51.0
1727289044188,573.69,49.0
1727289044188,573.69,100.0
1727289044188,573.69,17.0
1727289044188,573.615,100.0
1727289044188,573.74,3.0
1727289044188,573.76,10.0
1727289044188,573.69,25.0
1727289044188,573.79,1.0
1727289044188,573.69,25.0
1727289044188,573.78,2.0
1727289044188,573.78,1.0
1727289044188,573.78,6.0
1727289044188,573.6525,20.0
1727289044188,573.69,25.0
1727289044494,573.995,5.0
1727289044495,573.995,43.0
1727289044494,573.995,5.0
1727289044495,573.995,43.0
1727289045353,573.865,100.0
1727289045353,573.86,35.0
1727289045353,573.88,20.0
1727289045353,573.87,60.0
1727289045353,573.86,5.0
1727289045353,573.86,200.0
1727289045353,573.87,5.0
1727289045353,573.86,1.0
1727289045353,573.85,60.0
1727289045353,573.87,12.0
1727289045353,573.84,1.0
1727289045353,573.86,60.0
1727289045353,573.84,99.0
1727289045353,573.87,100.0
1727289045353,573.84,1.0
1727289045353,573.84,99.0
1727289045353,573.84,1.0
1727289045353,573.86,50.0
1727289045353,573.85,4.0
1727289045354,573.85,96.0
1727289045354,573.84,4.0
1727289045354,573.88,100.0
1727289045354,573.86,40.0
1727289045354,573.83,2.0
1727289045354,573.84,1.0
1727289045354,573.93,100.0
1727289045354,573.85,25.0
1727289045354,573.85,25.0
1727289045354,573.85,50.0
1727289045354,573.88,20.0
1727289045355,573.87,60.0
1727289045355,573.87,5.0
1727289045355,573.87,12.0
1727289045355,573.87,3.0
1727289045355,573.87,2.0
1727289045355,573.86,50.0
1727289045353,573.865,100.0
1727289045353,573.86,35.0
1727289045353,573.88,20.0
1727289045353,573.87,60.0
1727289045353,573.86,5.0
1727289045353,573.86,200.0
1727289045353,573.87,5.0
1727289045353,573.86,1.0
1727289045353,573.85,60.0
1727289045353,573.87,12.0
1727289045353,573.84,1.0
1727289045353,573.86,60.0
1727289045353,573.84,99.0
1727289045353,573.87,100.0
1727289045353,573.84,1.0
1727289045353,573.84,99.0
1727289045353,573.84,1.0
1727289045353,573.86,50.0
1727289045353,573.85,4.0
1727289045354,573.85,96.0
1727289045354,573.84,4.0
1727289045354,573.88,100.0
1727289045354,573.86,40.0
1727289045354,573.83,2.0
1727289045354,573.93,100.0
1727289045354,573.84,1.0
1727289045354,573.85,25.0
1727289045354,573.85,25.0
1727289045354,573.85,50.0
1727289045354,573.88,20.0
1727289048773,573.77,50.0
1727289048773,573.77,50.0
1727289048969,573.77,15.0
1727289048969,573.77,15.0
1727289049219,573.6,4.0
1727289049219,573.6,4.0
1727289049362,573.625,11.0
1727289049362,573.625,11.0
1727289049683,573.5894,10.0
1727289106448,573.9597,25.0
1727289106448,573.9597,25.0
1727289108279,573.96,1.0
1727289107608,573.87,25.0
1727289107608,573.87,25.0
1727289108075,573.9201,65.0
1727289108075,573.9201,65.0
1727289108279,573.96,1.0
1727289108552,573.855,1.0
1727289108552,573.855,1.0
1727289110510,573.8107,1.0
1727289110510,573.8107,1.0
1727289110540,573.92,4.0
1727289110540,573.92,4.0
1727289110650,573.8725,4.0
1727289110651,573.977,50.0
1727289110650,573.8725,4.0
1727289110651,573.977,50.0
1727289110718,573.813,300.0
1727289110718,573.813,300.0
1727289110899,573.92,5.0
1727289110899,573.9,20.0
1727289110902,573.9,20.0
1727289110902,573.9,5.0
1727289110902,573.9,12.0
1727289110903,573.9,5.0
1727289111364,574.3178,2.0
1727289110899,573.92,5.0
1727289110899,573.9,20.0
1727289110902,573.9,20.0
1727289110902,573.9,5.0
1727289110902,573.9,12.0
1727289110903,573.9,5.0
1727289111364,574.3178,2.0
1727289111733,573.9,100.0
1727289111748,573.9,87.0
1727289111748,573.9,87.0
1727289111775,573.99,99.0
1727289111775,573.99,99.0
1727289112019,573.84,1.0
1727289111733,573.9,100.0
1727289112019,573.84,1.0
1727289112529,573.83,1.0
1727289112529,573.83,1.0
1727289112547,573.88,7.0
1727289112547,573.88,7.0
1727289112900,573.91,100.0
1727289112902,573.945,115.0
1727289112900,573.91,100.0
1727289112902,573.945,115.0
1727289113079,573.9447,1.0
1727289113079,573.9447,1.0
1727289113700,574.1,2.0
1727289113212,573.9999,25.0
1727289113700,574.1,50.0
1727289113212,574.0,10.0
1727289113700,574.11,50.0
1727289113700,574.11,27.0
1727289113700,574.11,23.0
1727289113700,574.11,27.0
1727289113700,574.11,73.0
1727289113700,574.11,1.0
1727289113700,574.12,100.0
1727289113212,574.0,1.0
1727289113212,574.0,28.0
1727289113212,574.0,100.0
1727289113212,574.0,2.0
1727289113212,574.0,146.0
1727289113212,574.0,141.0
1727289113212,574.0,13.0
1727289113213,574.01,5.0
1727289113213,574.0,300.0
1727289113213,574.0,100.0
1727289113213,574.0,100.0
1727289113213,574.0,5.0
1727289113213,574.0,100.0
1727289113213,574.01,5.0
1727289113700,574.12,100.0
1727289113213,574.02,3.0
1727289113700,574.12,86.0
1727289113213,574.01,50.0
1727289113213,574.01,10.0
1727289113213,574.01,2.0
1727289113700,574.12,14.0
1727289113700,574.12,14.0
1727289113701,574.12,86.0
1727289113701,574.12,14.0
1727289113700,574.1,2.0
1727289113700,574.11,50.0
1727289113700,574.1,50.0
1727289113213,574.01,138.0
1727289113700,574.11,27.0
1727289113700,574.11,23.0
1727289113213,573.99,51.0
1727289113700,574.11,27.0
1727289113700,574.11,73.0
1727289113700,574.11,1.0
1727289113700,574.12,100.0
1727289113213,574.0,5.0
1727289113700,574.12,100.0
1727289113700,574.12,86.0
1727289113700,574.12,14.0
1727289113700,574.12,14.0
1727289113213,574.0,100.0
1727289113701,574.12,86.0
1727289113701,574.12,14.0
1727289113213,574.01,4.0
1727289113702,573.934,1.0
1727289113213,574.06,100.0
1727289113214,574.05,50.0
1727289113214,574.06,8.0
1727289113214,574.07,4.0
1727289113214,574.07,19.0
1727289113702,573.934,1.0
1727289113214,573.8479,20.0
1727289113215,574.0,300.0
1727289113220,574.005,100.0
1727289113212,573.9999,25.0
1727289113212,574.0,10.0
1727289113212,574.0,1.0
1727289113212,574.0,28.0
1727289113212,574.0,100.0
1727289113212,574.0,2.0
1727289113212,574.0,146.0
1727289113212,574.0,141.0
1727289113212,574.0,13.0
1727289113213,574.01,5.0
1727289113213,574.0,300.0
1727289113213,574.0,100.0
1727289113213,574.0,100.0
1727289113213,574.0,5.0
1727289113213,574.0,100.0
1727289113213,574.01,5.0
1727289113213,574.02,3.0
1727289113213,574.01,50.0
1727289113213,574.01,10.0
1727289113213,574.01,2.0
1727289113213,574.01,138.0
1727289113213,573.99,51.0
1727289113213,574.0,5.0
1727289113213,574.0,100.0
1727289113213,574.01,4.0
1727289113213,574.06,100.0
1727289113214,574.05,50.0
1727289113214,574.06,8.0
1727289113214,574.07,4.0
1727289113214,574.07,19.0
1727289113214,573.8479,20.0
1727289113215,574.0,300.0
1727289113220,574.005,100.0
1727289113891,574.06,100.0
1727289113891,574.06,100.0
1727289114369,574.0527,16.0
1727289114369,574.0527,16.0
1727289114883,574.11,15.0
1727289114883,574.11,15.0
1727289114900,574.11,85.0
1727289114903,574.07,100.0
1727289114900,574.11,85.0
1727289114903,574.07,100.0
1727289114683,574.02,4.0
1727289114683,574.02,4.0
1727289114718,574.095,30.0
1727289114723,574.095,30.0
1727289114718,574.095,30.0
1727289114723,574.095,30.0
1727289114955,574.12,164.0
1727289114957,574.12,100.0
1727289114957,574.12,86.0
1727289114957,574.13,1.0
1727289114959,574.14,185.0
1727289114955,574.12,164.0
1727289114957,574.12,100.0
1727289114967,574.11,1.0
1727289114957,574.12,86.0
1727289114957,574.13,1.0
1727289114959,574.14,185.0
1727289114967,574.11,1.0
1727289115011,574.118,300.0
1727289115011,574.118,300.0
1727289115057,574.16,76.0
1727289115057,574.16,400.0
1727289115057,574.16,24.0
1727289115057,574.16,400.0
1727289115057,574.16,76.0
1727289115069,574.07,500.0
1727289115057,574.16,24.0
1727289115069,574.07,500.0
1727289115791,573.8564,1.0
1727289115779,573.8564,5.0
1727289115796,573.8564,1.0
1727289115785,573.8564,2.0
1727289115791,573.8564,1.0
1727289115796,573.8564,1.0
1727289115822,574.147,25.0
1727289115822,574.147,25.0
1727289115424,574.07,100.0
1727289115424,574.07,100.0
1727289115639,574.11,100.0
1727289115641,574.115,100.0
1727289115639,574.11,100.0
1727289115641,574.115,100.0
1727289115659,574.15,100.0
1727289115663,574.0712,1.0
1727289115668,574.1598,200.0
1727289115659,574.15,100.0
1727289115663,574.0712,1.0
1727289115668,574.1598,200.0
1727289115741,573.8564,144.0
1727289115741,573.8564,35.0
1727289115745,573.8564,175.0
1727289115741,573.8564,144.0
1727289115741,573.8564,35.0
1727289115753,573.8564,18.0
1727289115757,573.8564,9.0
1727289115745,573.8564,175.0
1727289115763,573.8564,6.0
1727289115753,573.8564,18.0
1727289115768,573.8564,5.0
1727289115757,573.8564,9.0
1727289115774,573.8564,5.0
1727289115763,573.8564,6.0
1727289115768,573.8564,5.0
1727289115779,573.8564,5.0
1727289115774,573.8564,5.0
1727289115785,573.8564,2.0
1727289116009,574.1599,1000.0
1727289116009,574.1599,1000.0
1727289116338,574.126,10.0
1727289116338,574.126,10.0
1727289116412,574.133,500.0
1727289116412,574.133,500.0
1727289116425,574.07,100.0
1727289116425,574.07,100.0
1727289116899,574.16,2.0
1727289116899,574.16,2.0
1727289117098,574.16,50.0
1727289117102,574.115,1.0
1727289117098,574.16,50.0
1727289116842,574.115,100.0
1727289117102,574.115,1.0
1727289116842,574.115,100.0
1727289117285,574.0881,1.0
1727289117285,574.0881,1.0
1727289118034,574.14,10.0
1727289118034,574.15,10.0
1727289118034,574.125,13.0
1727289118034,574.14,10.0
1727289118034,574.15,10.0
1727289118034,574.125,13.0
