timestamp(ms since Epoch),last price,volume
1727288869189,431.5899,2.0
1727288869189,431.5899,2.0
1727288869138,431.54,4.0
1727288869138,431.54,4.0
1727288869353,431.555,1.0
1727288869353,431.555,1.0
1727288870009,431.555,6.0
1727288870010,431.555,14.0
1727288869387,431.555,100.0
1727288869387,431.555,100.0
1727288870009,431.555,6.0
1727288870010,431.555,14.0
1727288870482,431.59,1.0
1727288870482,431.59,1.0
1727288870738,431.59,1.0
1727288870740,431.58,45.0
1727288870738,431.59,1.0
1727288870740,431.58,45.0
1727288870797,431.5599,3.0
1727288870797,431.5599,3.0
1727288871870,431.59,9.0
1727288871870,431.59,5.0
1727288871870,431.59,29.0
1727288871870,431.59,12.0
1727288871871,431.59,46.0
1727288871871,431.59,22.0
1727288871871,431.58,100.0
1727288871870,431.59,9.0
1727288871870,431.59,5.0
1727288871870,431.59,29.0
1727288871870,431.59,12.0
1727288871871,431.59,46.0
1727288871871,431.59,22.0
1727288871871,431.58,100.0
1727288871917,431.57,100.0
1727288871917,431.57,100.0
1727288872249,431.6,10.0
1727288872249,431.6,35.0
1727288872249,431.6,76.0
1727288872249,431.59,6.0
1727288872249,431.6,24.0
1727288872249,431.59,94.0
1727288872249,431.59,6.0
1727288872249,431.59,94.0
1727288872249,431.6,10.0
1727288872249,431.6,35.0
1727288872249,431.6,76.0
1727288872249,431.59,6.0
1727288872249,431.6,24.0
1727288872249,431.59,94.0
1727288872249,431.59,6.0
1727288872249,431.59,94.0
1727288872341,431.606,1.0
1727288872341,431.606,1.0
1727288873192,431.66,100.0
1727288873192,431.66,100.0
1727288872749,431.61,6.0
1727288872750,431.62,89.0
1727288872750,431.62,11.0
1727288872751,431.62,37.0
1727288872751,431.62,1.0
1727288872749,431.61,6.0
1727288872759,431.615,4.0
1727288872750,431.62,89.0
1727288872750,431.62,11.0
1727288872751,431.62,37.0
1727288872751,431.62,1.0
1727288872759,431.615,4.0
1727288872939,431.615,3.0
1727288872939,431.615,3.0
1727288873357,431.68,2.0
1727288873101,431.63,17.0
1727288873101,431.63,1.0
1727288873101,431.64,38.0
1727288873101,431.64,30.0
1727288873101,431.64,11.0
1727288873101,431.64,100.0
1727288873101,431.64,1.0
1727288873101,431.63,2.0
1727288873357,431.68,2.0
1727288873101,431.65,100.0
1727288873101,431.65,84.0
1727288873101,431.65,100.0
1727288873101,431.65,100.0
1727288873101,431.65,24.0
1727288873101,431.63,150.0
1727288873102,431.65,16.0
1727288873102,431.63,74.0
1727288873102,431.66,1.0
1727288873102,431.66,9.0
1727288873103,431.66,27.0
1727288873101,431.63,17.0
1727288873107,431.66,1.0
1727288873101,431.63,1.0
1727288873111,431.67,1.0
1727288873111,431.66,2.0
1727288873101,431.64,38.0
1727288873101,431.64,30.0
1727288873101,431.64,11.0
1727288873101,431.64,100.0
1727288873101,431.64,1.0
1727288873101,431.63,2.0
1727288873101,431.65,84.0
1727288873101,431.65,100.0
1727288873101,431.65,100.0
1727288873101,431.65,100.0
1727288873101,431.65,24.0
1727288873101,431.63,150.0
1727288873102,431.65,16.0
1727288873102,431.63,74.0
1727288873102,431.66,1.0
1727288873102,431.66,9.0
1727288873103,431.66,27.0
1727288873135,431.68,25.0
1727288873135,431.68,75.0
1727288873107,431.66,1.0
1727288873111,431.67,1.0
1727288873111,431.66,2.0
1727288873136,431.68,45.0
1727288873135,431.68,25.0
1727288873135,431.68,75.0
1727288873136,431.68,45.0
1727288873767,431.68,21.0
1727288873767,431.68,21.0
1727288873985,431.6988,1.0
1727288873985,431.6988,1.0
1727288874625,431.6865,1.0
1727288874625,431.68655,1.0
1727288874794,431.65,10.0
1727288874794,431.65,10.0
1727288875217,431.66,30.0
1727288875217,431.66,30.0
1727288875655,431.6414,30.0
1727288875655,431.6414,30.0
1727288875697,431.63,49.0
1727288875697,431.63,41.0
1727288875697,431.63,51.0
1727288875697,431.63,10.0
1727288875697,431.63,26.0
1727288875697,431.63,1.0
1727288875697,431.63,14.0
1727288875697,431.63,49.0
1727288875697,431.63,6.0
1727288875697,431.63,4.0
1727288875697,431.63,1.0
1727288875697,431.63,1.0
1727288875697,431.63,7.0
1727288875697,431.63,1.0
1727288875697,431.63,3.0
1727288875697,431.65,2.0
1727288875697,431.63,49.0
1727288875697,431.63,51.0
1727288875697,431.63,41.0
1727288875697,431.63,10.0
1727288875697,431.63,26.0
1727288875697,431.63,1.0
1727288875697,431.63,14.0
1727288875697,431.63,49.0
1727288875697,431.63,6.0
1727288875697,431.63,4.0
1727288875697,431.63,1.0
1727288875697,431.63,1.0
1727288875697,431.63,7.0
1727288875697,431.63,1.0
1727288875697,431.63,3.0
1727288875697,431.65,2.0
1727288875770,431.646,1.0
1727288875770,431.646,1.0
1727288876138,431.625,100.0
1727288876138,431.625,100.0
1727288877287,431.611,2.0
1727288877287,431.611,2.0
1727288877957,431.625,1.0
1727288877957,431.625,1.0
1727288878035,431.5698,2.0
1727288878035,431.5698,2.0
1727288878222,431.625,1.0
1727288878222,431.625,1.0
1727288878223,431.625,23.0
1727288878222,431.625,1.0
1727288878222,431.625,1.0
1727288878223,431.625,23.0
1727288878424,431.625,100.0
1727288878424,431.625,100.0
1727288878446,431.6582,100.0
1727288878446,431.6582,100.0
1727288878490,431.65,1.0
1727288878490,431.65,1.0
1727288878809,431.62,15.0
1727288878809,431.62,15.0
1727288878984,431.625,100.0
1727288878984,431.625,100.0
1727288879065,431.5712,1.0
1727288879065,431.5712,1.0
1727288879485,431.65,1.0
1727288879139,431.55,2.0
1727288879485,431.65,1.0
1727288879139,431.55,2.0
1727288879259,431.6117,35.0
1727288879259,431.6117,35.0
1727288880067,431.6358,75.0
1727288880067,431.6358,75.0
1727288880134,431.645,100.0
1727288880134,431.645,100.0
1727288881256,431.635,20.0
1727288881256,431.635,20.0
1727288881992,431.635,1.0
1727288881992,431.635,1.0
1727288882161,431.6471,3.0
1727288882161,431.6471,3.0
1727288882188,431.66,100.0
1727288882188,431.66,10.0
1727288882188,431.66,200.0
1727288882188,431.66,100.0
1727288882188,431.66,10.0
1727288882188,431.66,200.0
1727288882269,431.69,20.0
1727288882269,431.69,20.0
1727288882669,431.6888,1.0
1727288882669,431.6888,1.0
1727288882813,431.6201,17.0
1727288882813,431.6201,17.0
1727288883166,431.655,50.0
1727288883166,431.655,50.0
1727288883195,431.69,1.0
1727288883195,431.69,1.0
1727288883443,431.6573,34.0
1727288883443,431.6573,34.0
1727288883617,431.7,1.0
1727288883617,431.7,1.0
1727288883691,431.6212,1.0
1727288883691,431.6212,1.0
1727288884409,431.62,14.0
1727288884409,431.62,14.0
1727288884507,431.6777,6.0
1727288884507,431.6777,6.0
1727288885088,431.655,100.0
1727288885088,431.655,100.0
1727288885224,431.6888,1.0
1727288885224,431.6888,1.0
1727288885390,431.655,15.0
1727288885390,431.655,15.0
1727288886018,431.655,1.0
1727288886018,431.655,1.0
1727288886246,431.6212,1.0
1727288886246,431.6212,1.0
1727288886337,431.5766,3.0
1727288886337,431.5766,3.0
1727288886842,431.63,10.0
1727288886842,431.63,10.0
1727288887218,431.6324,3.0
1727288887218,431.6324,3.0
1727288887281,431.67,100.0
1727288887372,431.67,5.0
1727288887400,431.69,1.0
1727288887400,431.7,1.0
1727288887400,431.7,2.0
1727288887400,431.7,5.0
1727288887400,431.7,14.0
1727288887400,431.7,152.0
1727288887400,431.7,34.0
1727288887400,431.7,105.0
1727288887400,431.7,1.0
1727288887400,431.7,1.0
1727288887400,431.7,299.0
1727288887400,431.69,5.0
1727288887401,431.7,24.0
1727288887401,431.7,2.0
1727288887281,431.67,100.0
1727288887372,431.67,5.0
1727288887400,431.69,1.0
1727288887400,431.7,1.0
1727288887400,431.7,2.0
1727288887400,431.7,5.0
1727288887400,431.7,14.0
1727288887400,431.7,152.0
1727288887400,431.7,34.0
1727288887400,431.7,105.0
1727288887400,431.7,1.0
1727288887400,431.7,1.0
1727288887400,431.7,299.0
1727288887400,431.69,5.0
1727288887401,431.7,24.0
1727288887401,431.7,2.0
1727288887401,431.7,100.0
1727288887401,431.7,5.0
1727288887401,431.7,4.0
1727288887401,431.71,1.0
1727288887401,431.71,69.0
1727288887401,431.7,10.0
1727288887411,431.71,1.0
1727288887412,431.71,21.0
1727288887413,431.71,89.0
1727288887420,431.71,1.0
1727288887430,431.665,100.0
1727288887401,431.7,100.0
1727288887401,431.7,5.0
1727288887401,431.7,4.0
1727288887401,431.71,1.0
1727288887401,431.71,69.0
1727288887401,431.7,10.0
1727288887411,431.71,1.0
1727288887412,431.71,21.0
1727288887413,431.71,89.0
1727288887420,431.71,1.0
1727288887430,431.665,100.0
1727288888015,431.695,5.0
1727288888015,431.695,1.0
1727288888015,431.695,5.0
1727288888015,431.695,1.0
1727288888727,431.71,1.0
1727288888727,431.71,1.0
1727288890501,431.69,1.0
1727288890506,431.69,1.0
1727288890501,431.69,1.0
1727288890506,431.69,1.0
1727288890734,431.71,1.0
1727288890734,431.71,1.0
1727288891094,431.6701,90.0
1727288891094,431.6701,90.0
1727288891739,431.69,1.0
1727288891739,431.69,1.0
1727288891397,431.6185,5.0
1727288891397,431.6185,5.0
1727288892376,431.6702,235.0
1727288892376,431.6702,235.0
1727288892888,431.68,500.0
1727288892888,431.68,500.0
1727288892995,431.69,1.0
1727288892995,431.69,1.0
1727288893363,431.6238,11.0
1727288893363,431.6238,11.0
1727288893736,431.6901,20.0
1727288893736,431.6901,20.0
1727288894329,431.67,100.0
1727288894329,431.67,1.0
1727288894329,431.67,7.0
1727288894330,431.67,100.0
1727288894330,431.68,1.0
1727288894329,431.67,100.0
1727288894329,431.67,1.0
1727288894329,431.67,7.0
1727288894330,431.67,100.0
1727288894330,431.68,1.0
1727288894340,431.5885,3.0
1727288894340,431.5885,3.0
1727288894542,431.685,135.0
1727288894542,431.685,135.0
1727288894806,431.7,26.0
1727288894806,431.69,150.0
1727288894806,431.7,2.0
1727288894806,431.7,100.0
1727288894806,431.7,25.0
1727288894806,431.71,23.0
1727288894806,431.71,100.0
1727288894806,431.71,38.0
1727288894806,431.7,5.0
1727288894806,431.71,26.0
1727288894808,431.685,40.0
1727288894808,431.71,498.0
1727288894808,431.71,18.0
1727288894808,431.71,4.0
1727288894808,431.71,4.0
1727288894809,431.71,5.0
1727288894806,431.7,26.0
1727288894810,431.69,100.0
1727288894806,431.69,150.0
1727288894806,431.7,2.0
1727288894813,431.71,44.0
1727288894806,431.7,100.0
1727288894816,431.69,50.0
1727288894817,431.69,12.0
1727288894821,431.7,100.0
1727288894806,431.7,25.0
1727288894806,431.71,23.0
1727288894806,431.71,100.0
1727288894806,431.7,5.0
1727288894806,431.71,38.0
1727288894806,431.71,26.0
1727288894808,431.685,40.0
1727288894808,431.71,498.0
1727288894808,431.71,18.0
1727288894808,431.71,4.0
1727288894808,431.71,4.0
1727288894809,431.71,5.0
1727288894810,431.69,100.0
1727288894813,431.71,44.0
1727288894816,431.69,50.0
1727288894817,431.69,12.0
1727288894821,431.7,100.0
1727288894863,431.695,100.0
1727288894868,431.695,100.0
1727288894863,431.695,100.0
1727288894868,431.695,100.0
1727288896074,431.69,2.0
1727288896074,431.69,2.0
1727288896428,431.68,3.0
1727288896428,431.68,3.0
1727288896506,431.68,2.0
1727288896506,431.68,2.0
1727288897015,431.68,1.0
1727288897015,431.68,1.0
1727288896768,431.6716,3.0
1727288896768,431.6716,3.0
1727288897758,431.69,1.0
1727288897758,431.69,1.0
1727288898915,431.69,1.0
1727288898915,431.69,1.0
1727288899166,431.68,1.0
1727288899166,431.68,1.0
1727288899933,431.6601,30.0
1727288899933,431.6601,30.0
1727288900368,431.6443,1.0
1727288900368,431.6443,1.0
1727288900461,431.68,1.0
1727288900461,431.68,1.0
1727288900485,431.68,2.0
1727288900485,431.68,2.0
1727288901168,431.67,21.0
1727288901168,431.67,56.0
1727288901168,431.67,21.0
1727288901168,431.67,56.0
1727288901215,431.6724,3.0
1727288901218,431.69,1.0
1727288901215,431.6724,3.0
1727288901218,431.69,1.0
1727288901401,431.7,150.0
1727288901401,431.7,150.0
1727288902307,431.6025,1.0
1727288902307,431.6025,1.0
1727288901861,431.67,6.0
1727288901861,431.67,6.0
1727288901861,431.67,6.0
1727288901861,431.67,6.0
1727288901861,431.67,6.0
1727288901861,431.67,17.0
1727288901861,431.66,1.0
1727288901861,431.66,1.0
1727288901861,431.67,6.0
1727288901861,431.66,75.0
1727288901861,431.67,43.0
1727288901861,431.66,100.0
1727288901861,431.66,5.0
1727288901861,431.66,25.0
1727288901861,431.67,6.0
1727288901862,431.66,1.0
1727288901862,431.66,4.0
1727288901862,431.66,1.0
1727288901862,431.65,100.0
1727288901861,431.67,6.0
1727288901861,431.67,6.0
1727288901861,431.67,6.0
1727288901861,431.67,6.0
1727288901861,431.67,6.0
1727288901861,431.67,6.0
1727288901861,431.67,17.0
1727288901861,431.66,1.0
1727288901861,431.66,1.0
1727288901861,431.66,75.0
1727288901861,431.67,43.0
1727288901861,431.66,100.0
1727288901861,431.66,5.0
1727288901861,431.66,25.0
1727288901861,431.67,6.0
1727288901862,431.66,1.0
1727288901862,431.66,4.0
1727288901862,431.66,1.0
1727288901862,431.65,100.0
1727288902269,431.645,100.0
1727288902269,431.645,100.0
1727288902554,431.645,3.0
1727288902554,431.645,3.0
1727288903677,431.6026,2.0
1727288903677,431.6026,2.0
1727288905274,431.64,45.0
1727288905274,431.64,45.0
1727288905997,431.6595,1.0
1727288905997,431.6595,1.0
1727288906965,431.64,30.0
1727288906965,431.64,30.0
1727288906975,431.64,70.0
1727288906975,431.64,70.0
1727288907224,431.6552,1.0
1727288907224,431.6552,1.0
1727288908641,431.6546,25.0
1727288908641,431.654677,25.0
1727288908244,431.6588,1.0
1727288908244,431.6588,1.0
1727288909902,431.66,3.0
1727288909902,431.66,3.0
1727288910131,431.66,11.0
1727288910131,431.66,11.0
1727288911080,431.6143,2.0
1727288911080,431.6143,2.0
1727288911213,431.6316,1.0
1727288911213,431.6316,1.0
1727288911222,431.64,100.0
1727288911222,431.64,100.0
1727288911373,431.64,1.0
1727288911373,431.64,1.0
1727288911388,431.62,1.0
1727288911388,431.62,1.0
1727288911819,431.6588,1.0
1727288911819,431.6588,1.0
1727288911840,431.6201,1.0
1727288911843,431.62,1.0
1727288911840,431.6201,1.0
1727288911843,431.62,1.0
1727288911990,431.64,1.0
1727288911990,431.64,1.0
1727288912100,431.5178,11.0
1727288912100,431.5178,11.0
1727288912752,431.65,100.0
1727288912752,431.64,3.0
1727288912752,431.65,100.0
1727288912752,431.64,3.0
1727288912453,431.6149,1.0
1727288912453,431.6149,1.0
1727288912931,431.67,1.0
1727288912931,431.67,1.0
1727288913419,431.6209,1.0
1727288913419,431.6209,1.0
1727288913446,431.5728,11.0
1727288913446,431.5728,11.0
1727288913606,431.6374,42.0
1727288913606,431.6374,42.0
1727288913631,431.65,5.0
1727288913631,431.65,5.0
1727288915244,431.6393,4.0
1727288915244,431.6393,4.0
1727288915255,431.6393,1.0
1727288915255,431.6393,1.0
1727288915396,431.6212,1.0
1727288915401,431.65,1.0
1727288915396,431.6212,1.0
1727288915401,431.65,1.0
1727288915463,431.62,81.0
1727288915463,431.62,81.0
1727288915745,431.635,31.0
1727288915745,431.635,31.0
1727288916168,431.635,3.0
1727288916168,431.635,3.0
1727288916971,431.5771,400.0
1727288916971,431.5771,400.0
1727288917729,431.65,5.0
1727288917729,431.65,5.0
1727288917892,431.65,5.0
1727288917892,431.65,5.0
1727288917950,431.68,1.0
1727288917950,431.68,1.0
1727288919089,431.675,53.0
1727288918184,431.66,10.0
1727288918184,431.68,100.0
1727288918185,431.66,1.0
1727288918184,431.66,10.0
1727288918184,431.68,100.0
1727288918195,431.69,31.0
1727288918185,431.66,1.0
1727288919089,431.675,53.0
1727288918204,431.68,100.0
1727288918195,431.69,31.0
1727288918204,431.68,100.0
1727288918623,431.675,100.0
1727288918623,431.675,100.0
1727288918923,431.675,42.0
1727288918923,431.675,42.0
1727288919482,431.6412,1.0
1727288919485,431.6575,3.0
1727288919482,431.6412,1.0
1727288919485,431.6575,3.0
1727288920903,431.6185,3.0
1727288920903,431.6185,3.0
1727288921303,431.675,4.0
1727288921345,431.675,9.0
1727288921345,431.675,9.0
1727288921303,431.675,4.0
1727288921372,431.675,8.0
1727288921372,431.675,8.0
1727288921592,431.675,1.0
1727288921592,431.675,1.0
1727288921840,431.6627,20.0
1727288921840,431.6627,20.0
1727288922037,431.7088,1.0
1727288922037,431.7088,1.0
1727288922272,431.71,50.0
1727288922272,431.71,50.0
1727288922806,431.64,1.0
1727288922806,431.64,1.0
1727288923021,431.672,46.0
1727288923021,431.672,46.0
1727288923963,431.67,100.0
1727288923965,431.675,75.0
1727288923965,431.675,1.0
1727288923963,431.67,100.0
1727288923965,431.675,75.0
1727288923965,431.675,1.0
1727288924005,431.66,3.0
1727288924016,431.64,1.0
1727288924068,431.66,5.0
1727288924005,431.66,3.0
1727288924016,431.64,1.0
1727288924068,431.66,5.0
1727288926005,431.7,5.0
1727288926005,431.7,5.0
1727288926038,431.675,1.0
1727288926038,431.675,1.0
1727288926051,431.675,1.0
1727288926051,431.675,1.0
1727288987464,431.585,1.0
1727288987464,431.585,1.0
1727288987609,431.6495,2.0
1727288987609,431.6495,2.0
1727288987757,431.585,1.0
1727288987757,431.585,1.0
1727288987757,431.585,1.0
1727288987757,431.585,1.0
1727288987757,431.585,1.0
1727288987757,431.585,1.0
1727288987971,431.589,100.0
1727288987971,431.589,100.0
1727288988205,431.585,1.0
1727288988205,431.61,38.0
1727288988205,431.61,12.0
1727288988205,431.61,24.0
1727288988205,431.61,28.0
1727288988205,431.61,76.0
1727288988205,431.61,1.0
1727288988205,431.62,5.0
1727288988205,431.61,22.0
1727288988205,431.61,14.0
1727288988206,431.61,60.0
1727288988206,431.61,10.0
1727288988206,431.61,40.0
1727288988206,431.62,81.0
1727288988214,431.62,19.0
1727288988214,431.62,7.0
1727288988205,431.585,1.0
1727288988205,431.61,38.0
1727288988205,431.61,12.0
1727288988205,431.61,24.0
1727288988205,431.61,28.0
1727288988205,431.61,76.0
1727288990446,431.61,1.0
1727288990446,431.61,1.0
1727288990451,431.64,1.0
1727288990446,431.61,1.0
1727288990446,431.61,1.0
1727288990451,431.64,1.0
1727288991181,431.6399,1.0
1727288991181,431.6399,1.0
1727288991353,431.5939,1.0
1727288991353,431.5939,1.0
1727288992429,431.61,27.0
1727288992429,431.61,27.0
1727288992668,431.61,10.0
1727288992668,431.61,10.0
1727288993239,431.6,1.0
1727288993239,431.6,1.0
1727288993260,431.596,50.0
1727288993260,431.596,50.0
1727288993594,431.6388,1.0
1727288993594,431.6388,1.0
1727288993634,431.64,69.0
1727288993634,431.64,5.0
1727288993634,431.64,67.0
1727288993634,431.64,30.0
1727288993634,431.64,69.0
1727288993634,431.64,5.0
1727288993634,431.64,67.0
1727288993634,431.64,5.0
1727288993634,431.64,5.0
1727288993665,431.64,2.0
1727288993634,431.64,30.0
1727288993665,431.64,2.0
1727288994008,431.64,3.0
1727288994008,431.64,97.0
1727288994008,431.64,126.0
1727288994008,431.65,32.0
1727288994008,431.64,3.0
1727288994009,431.65,6.0
1727288994009,431.66,5.0
1727288994009,431.625,100.0
1727288994009,431.635,100.0
1727288994009,431.65,6.0
1727288994009,431.65,50.0
1727288994008,431.64,3.0
1727288994008,431.64,97.0
1727288994008,431.64,126.0
1727288994008,431.65,32.0
1727288994008,431.64,3.0
1727288994009,431.65,6.0
1727288994009,431.66,5.0
1727288994009,431.625,100.0
1727288994009,431.635,100.0
1727288994009,431.65,6.0
1727288994009,431.65,50.0
1727288994042,431.66,5.0
1727288994042,431.66,100.0
1727288994043,431.66,15.0
1727288994043,431.66,14.0
1727288994043,431.66,4.0
1727288994043,431.66,3.0
1727288994043,431.66,15.0
1727288994043,431.66,3.0
1727288994042,431.66,5.0
1727288994042,431.66,100.0
1727288994043,431.66,15.0
1727288994043,431.66,14.0
1727288994043,431.66,4.0
1727288994043,431.66,3.0
1727288994043,431.66,15.0
1727288994043,431.66,3.0
1727288994066,431.66,64.0
1727288994066,431.67,6.0
1727288994067,431.68,1.0
1727288994067,431.68,44.0
1727288994066,431.66,64.0
1727288994066,431.67,6.0
1727288994067,431.68,1.0
1727288994067,431.68,44.0
1727288994715,431.68,4.0
1727288994715,431.68,10.0
1727288994715,431.68,12.0
1727288994717,431.68,15.0
1727288994715,431.68,4.0
1727288994715,431.68,10.0
1727288994715,431.68,12.0
1727288994717,431.68,15.0
1727288994917,431.67,1.0
1727288994917,431.67,1.0
1727288995015,431.65,1.0
1727288995015,431.65,1.0
1727288995307,431.6799,2.0
1727288995307,431.6799,2.0
1727288995569,431.665,1.0
1727288995569,431.665,1.0
1727288995834,431.665,2.0
1727288995834,431.665,2.0
1727288996066,431.68,91.0
1727288996066,431.68,91.0
1727288996677,431.6503,2000.0
1727288996677,431.6503,2000.0
1727288996849,431.68,100.0
1727288996857,431.675,1.0
1727288996849,431.68,100.0
1727288996865,431.675,100.0
1727288996857,431.675,1.0
1727288996870,431.675,100.0
1727288996865,431.675,100.0
1727288996870,431.675,100.0
1727288997206,431.675,40.0
1727288997206,431.675,40.0
1727288998212,431.7,2.0
1727288998212,431.7,25.0
1727288998212,431.7,30.0
1727288998212,431.7,9.0
1727288998212,431.7,1.0
1727288998212,431.7,100.0
1727288998212,431.7,2.0
1727288998216,431.69,2.0
1727288998217,431.7,2.0
1727288998220,431.7,1.0
1727288998220,431.69,98.0
1727288998212,431.7,2.0
1727288998212,431.7,25.0
1727288998212,431.7,30.0
1727288998212,431.7,9.0
1727288998212,431.7,1.0
1727288998212,431.7,100.0
1727288998212,431.7,2.0
1727288998216,431.69,2.0
1727288998217,431.7,2.0
1727288998220,431.7,1.0
1727288998220,431.69,98.0
1727288998713,431.685,1.0
1727288998713,431.685,1.0
1727288998525,431.66,1.0
1727288998525,431.66,1.0
1727288999152,431.71,100.0
1727288999152,431.71,4.0
1727288999152,431.71,100.0
1727288999152,431.71,4.0
1727288999487,431.6544,3.0
1727288999487,431.6544,3.0
1727288999620,431.72,1.0
1727288999620,431.72,1.0
1727288999620,431.72,5.0
1727288999620,431.72,18.0
1727288999620,431.72,9.0
1727288999621,431.73,4.0
1727288999624,431.73,11.0
1727288999620,431.72,1.0
1727288999620,431.72,1.0
1727288999620,431.72,5.0
1727288999620,431.72,9.0
1727288999620,431.72,18.0
1727288999631,431.74,13.0
1727288999621,431.73,4.0
1727288999624,431.73,11.0
1727288999637,431.74,74.0
1727288999631,431.74,13.0
1727288999637,431.74,74.0
1727288999651,431.73,3.0
1727288999652,431.74,4.0
1727288999652,431.74,5.0
1727288999656,431.75,1.0
1727288999656,431.75,1.0
1727288999656,431.74,26.0
1727288999657,431.74,40.0
1727288999659,431.75,4.0
1727288999651,431.73,3.0
1727288999652,431.74,4.0
1727288999652,431.74,5.0
1727288999656,431.75,1.0
1727288999656,431.75,1.0
1727288999656,431.74,26.0
1727288999657,431.74,40.0
1727288999678,431.74,6.0
1727288999659,431.75,4.0
1727288999678,431.74,6.0
1727288999796,431.75,1.0
1727288999796,431.75,200.0
1727288999796,431.75,14.0
1727288999796,431.75,100.0
1727288999797,431.75,186.0
1727288999797,431.76,6.0
1727288999798,431.76,1.0
1727288999800,431.75,500.0
1727288999800,431.76,4.0
1727288999796,431.75,1.0
1727288999808,431.742,1.0
1727288999796,431.75,200.0
1727288999796,431.75,14.0
1727288999796,431.75,100.0
1727288999797,431.75,186.0
1727288999797,431.76,6.0
1727288999798,431.76,1.0
1727288999800,431.75,500.0
1727288999800,431.76,4.0
1727288999808,431.742,1.0
1727289000062,431.745,20.0
1727289000073,431.74,13.0
1727289000073,431.74,1.0
1727289000062,431.745,20.0
1727289000074,431.74,7.0
1727289000074,431.74,1.0
1727289000074,431.74,5.0
1727289000073,431.74,13.0
1727289000073,431.74,1.0
1727289000074,431.74,7.0
1727289000074,431.74,1.0
1727289000074,431.74,5.0
1727289000205,431.75,23.0
1727289000205,431.75,23.0
1727289000371,431.73,12.0
1727289000371,431.73,13.0
1727289000371,431.73,13.0
1727289000371,431.73,5.0
1727289000371,431.73,12.0
1727289000371,431.73,13.0
1727289000371,431.73,13.0
1727289000371,431.73,5.0
1727289000394,431.73,1.0
1727289000394,431.73,1.0
1727289000511,431.72,34.0
1727289000511,431.72,13.0
1727289000511,431.72,13.0
1727289000511,431.72,34.0
1727289000511,431.72,13.0
1727289000511,431.72,13.0
1727289000668,431.72,1.0
1727289000668,431.72,1.0
1727289001178,431.7,130.0
1727289001178,431.69,1.0
1727289001180,431.69,1.0
1727289001188,431.7,120.0
1727289001178,431.7,130.0
1727289001178,431.69,1.0
1727289001193,431.71,2.0
1727289001180,431.69,1.0
1727289001194,431.71,1.0
1727289001194,431.71,1.0
1727289001194,431.71,41.0
1727289001194,431.7,30.0
1727289001194,431.71,57.0
1727289001194,431.7,1.0
1727289001194,431.69,100.0
1727289001195,431.69,100.0
1727289001195,431.69,1.0
1727289001188,431.7,120.0
1727289001193,431.71,2.0
1727289001194,431.71,1.0
1727289001194,431.71,1.0
1727289001194,431.71,41.0
1727289001194,431.7,30.0
1727289001194,431.71,57.0
1727289001194,431.7,1.0
1727289001194,431.69,100.0
1727289001195,431.69,100.0
1727289001195,431.69,1.0
1727289001295,431.72,1.0
1727289001295,431.72,1.0
1727289001535,431.7,300.0
1727289001535,431.7,300.0
1727289002415,431.7399,2.0
1727289002415,431.7399,2.0
1727289002526,431.7,10.0
1727289002526,431.7,10.0
1727289002546,431.7069,4.0
1727289002546,431.7069,4.0
1727289003248,431.7,1.0
1727289003248,431.7,1.0
1727289003377,431.68,2.0
1727289003377,431.68,3.0
1727289003377,431.68,2.0
1727289003377,431.68,3.0
1727289003873,431.74,1.0
1727289003873,431.74,1.0
1727289004067,431.6544,11.0
1727289004067,431.6544,11.0
1727289004310,431.7334,71.0
1727289004310,431.7334,71.0
1727289004662,431.7399,2.0
1727289004662,431.7399,2.0
1727289004836,431.6636,1.0
1727289004836,431.6636,1.0
1727289005320,431.74,1.0
1727289005320,431.74,1.0
1727289005508,431.6701,2.0
1727289005508,431.6701,2.0
1727289006028,431.6636,2.0
1727289006028,431.6636,2.0
1727289005916,431.545,200.0
1727289005916,431.545,200.0
1727289006141,431.7,4.0
1727289006141,431.7,4.0
1727289006163,431.7,2.0
1727289006163,431.7,2.0
1727289006202,431.7,1.0
1727289006202,431.7,1.0
1727289006344,431.6637,2.0
1727289006344,431.6637,2.0
1727289007105,431.68,1.0
1727289007105,431.68,10.0
1727289007105,431.68,1.0
1727289007105,431.68,10.0
1727289007105,431.68,43.0
1727289007106,431.68,10.0
1727289007112,431.7,1.0
1727289007105,431.68,43.0
1727289007106,431.68,10.0
1727289007112,431.7,1.0
1727289006549,431.7,1.0
1727289006549,431.7,1.0
1727289007395,431.7388,1.0
1727289007395,431.7188,1.0
1727289007395,431.7388,1.0
1727289007395,431.7188,1.0
1727289007498,431.7054,10.0
1727289007498,431.7054,10.0
1727289008523,431.685,100.0
1727289008523,431.685,100.0
1727289008523,431.685,100.0
1727289008523,431.685,100.0
1727289008667,431.7006,20.0
1727289008667,431.7006,20.0
1727289008692,431.7,1.0
1727289008692,431.7,1.0
1727289009397,431.5476,2.0
1727289009397,431.5476,2.0
1727289009412,431.685,1.0
1727289009412,431.685,1.0
1727289010143,431.685,100.0
1727289010152,431.685,100.0
1727289010143,431.685,100.0
1727289010152,431.685,100.0
1727289010237,431.5485,200.0
1727289010237,431.5485,200.0
1727289010286,431.685,61.0
1727289010286,431.685,61.0
1727289010451,431.685,1.0
1727289010451,431.685,1.0
1727289011202,431.7,1.0
1727289011202,431.7,1.0
1727289011280,431.69,1.0
1727289011280,431.69,1.0
1727289011297,431.67,6.0
1727289011297,431.67,6.0
1727289012144,431.69,1.0
1727289012144,431.69,13.0
1727289012144,431.69,1.0
1727289012144,431.69,13.0
1727289013165,431.68,90.0
1727289013166,431.68,300.0
1727289013166,431.68,12.0
1727289013166,431.68,100.0
1727289013165,431.68,90.0
1727289013166,431.68,300.0
1727289013166,431.68,12.0
1727289013166,431.68,100.0
1727289013212,431.64,13.0
1727289013211,431.67,6.0
1727289013212,431.67,2.0
1727289013212,431.66,10.0
1727289013212,431.66,5.0
1727289013212,431.66,2.0
1727289013212,431.66,13.0
1727289013212,431.66,1.0
1727289013212,431.66,4.0
1727289013212,431.64,400.0
1727289013212,431.65,2.0
1727289013212,431.65,40.0
1727289013212,431.64,36.0
1727289013212,431.64,65.0
1727289013212,431.64,100.0
1727289013212,431.64,40.0
1727289013212,431.64,13.0
1727289013211,431.67,6.0
1727289013212,431.67,2.0
1727289013212,431.66,10.0
1727289013212,431.66,5.0
1727289013212,431.66,2.0
1727289013212,431.66,13.0
1727289013212,431.66,1.0
1727289013212,431.66,4.0
1727289013212,431.64,400.0
1727289013226,431.675,10.0
1727289013212,431.65,2.0
1727289013212,431.65,40.0
1727289013212,431.64,36.0
1727289013212,431.64,65.0
1727289013212,431.64,100.0
1727289013212,431.64,40.0
1727289013226,431.675,10.0
1727289013517,431.65,100.0
1727289013517,431.65,100.0
1727289013580,431.6256,5.0
1727289013580,431.6256,5.0
1727289013694,431.61,47.0
1727289013695,431.65,1.0
1727289013694,431.61,47.0
1727289013695,431.65,1.0
1727289013715,431.62,6.0
1727289013715,431.62,6.0
1727289014263,431.64,18.0
1727289014263,431.64,18.0
1727289014063,431.642,15.0
1727289014063,431.642,15.0
1727289014545,431.65,1.0
1727289014545,431.65,1.0
1727289014611,431.65,1.0
1727289014611,431.65,1.0
1727289014870,431.6197,25.0
1727289014870,431.6197,25.0
1727289016110,431.645,1.0
1727289016110,431.645,1.0
1727289017335,431.62,100.0
1727289017343,431.61,1.0
1727289017343,431.61,1.0
1727289016756,431.5504,2.0
1727289016756,431.5504,2.0
1727289017331,431.62,23.0
1727289017331,431.62,23.0
1727289017332,431.63,1.0
1727289017335,431.62,100.0
1727289017331,431.62,23.0
1727289017331,431.62,23.0
1727289017332,431.63,1.0
1727289017533,431.624,20.0
1727289017542,431.62,400.0
1727289017542,431.61,1.0
1727289017542,431.61,3.0
1727289017542,431.62,100.0
1727289017542,431.6,2.0
1727289017543,431.62,400.0
1727289017543,431.6,3.0
1727289017533,431.624,20.0
1727289017544,431.62,1200.0
1727289017542,431.62,400.0
1727289017542,431.61,1.0
1727289017542,431.61,3.0
1727289017542,431.62,100.0
1727289017543,431.62,400.0
1727289017543,431.6,3.0
1727289017542,431.6,2.0
1727289017544,431.62,1200.0
1727289017758,431.615,1.0
1727289017758,431.615,1.0
1727289018157,431.6022,15.0
1727289018161,431.59,1.0
1727289018169,431.5901,1.0
1727289018157,431.6022,15.0
1727289018161,431.59,1.0
1727289018169,431.5901,1.0
1727289018228,431.5521,3.0
1727289018228,431.5521,3.0
1727289018310,431.5901,11.0
1727289018310,431.5901,9.0
1727289018311,431.59,11.0
1727289018319,431.6088,1.0
1727289018310,431.5901,11.0
1727289018322,431.59,1.0
1727289018310,431.5901,9.0
1727289018311,431.59,11.0
1727289018319,431.6088,1.0
1727289018322,431.59,1.0
1727289018428,431.6,70.0
1727289018428,431.59,30.0
1727289018428,431.59,70.0
1727289018428,431.59,100.0
1727289018436,431.6,1.0
1727289018436,431.6,24.0
1727289018428,431.6,70.0
1727289018428,431.59,30.0
1727289018428,431.59,70.0
1727289018428,431.59,100.0
1727289018436,431.6,1.0
1727289018436,431.6,24.0
1727289019136,431.5712,1.0
1727289019136,431.5712,1.0
1727289019162,431.61,1.0
1727289019162,431.61,1.0
1727289019628,431.59,4.0
1727289019628,431.59,4.0
1727289019866,431.58,1.0
1727289019867,431.57,2.0
1727289019867,431.57,100.0
1727289019867,431.57,2.0
1727289019869,431.56,1.0
1727289019869,431.56,1.0
1727289019869,431.56,1.0
1727289019870,431.55,2.0
1727289019870,431.55,89.0
1727289019871,431.55,10.0
1727289019872,431.55,25.0
1727289019872,431.54,1.0
1727289019866,431.58,1.0
1727289019867,431.57,2.0
1727289019867,431.57,100.0
1727289019867,431.57,2.0
1727289019869,431.56,1.0
1727289019869,431.56,1.0
1727289019869,431.56,1.0
1727289019870,431.55,2.0
1727289019870,431.55,89.0
1727289019871,431.55,10.0
1727289019872,431.55,25.0
1727289019872,431.54,1.0
1727289020366,431.53,128.0
1727289020366,431.53,128.0
1727289021348,431.56,1.0
1727289021348,431.56,1.0
1727289022109,431.56,100.0
1727289022109,431.56,100.0
1727289022801,431.5899,1.0
1727289022801,431.5899,1.0
1727289023035,431.56,50.0
1727289023035,431.56,50.0
1727289023680,431.554,5.0
1727289023680,431.554,5.0
1727289024403,431.56,3.0
1727289024403,431.56,3.0
1727289024513,431.5437,10.0
1727289024513,431.5437,10.0
1727289024686,431.552,5.0
1727289024686,431.552048,5.0
1727289025249,431.5846,500.0
1727289025249,431.5846,500.0
1727289025534,431.56,5.0
1727289025534,431.56,5.0
1727289025690,431.5301,200.0
1727289025690,431.5301,200.0
1727289026094,431.59,600.0
1727289026094,431.59,600.0
1727289026107,431.56,1.0
1727289026107,431.56,1.0
1727289026171,431.59,82.0
1727289026171,431.59,18.0
1727289026171,431.59,96.0
1727289026171,431.59,100.0
1727289026171,431.59,11.0
1727289026171,431.59,82.0
1727289026171,431.59,18.0
1727289026171,431.59,96.0
1727289026171,431.59,100.0
1727289026171,431.59,11.0
1727289026390,431.59,4.0
1727289026390,431.59,4.0
1727289027152,431.56,24.0
1727289027152,431.56,24.0
1727289026969,431.6419,3.0
1727289026969,431.6419,3.0
1727289027253,431.5687,50.0
1727289027253,431.5687,50.0
1727289027423,431.6153,18.0
1727289027423,431.6153,18.0
1727289028324,431.585,91.0
1727289028324,431.585,91.0
1727289027826,431.585,1.0
1727289027826,431.585,1.0
1727289027865,431.585,5.0
1727289027865,431.585,5.0
1727289028161,431.585,4.0
1727289028163,431.585,8.0
1727289028161,431.585,4.0
1727289028163,431.585,8.0
1727289028394,431.56,15.0
1727289028394,431.56,15.0
1727289028692,431.6268,30.0
1727289028692,431.6268,30.0
1727289029343,431.6088,1.0
1727289029343,431.6088,1.0
1727289030497,431.58,100.0
1727289030497,431.58,100.0
1727289030001,431.61,1.0
1727289030001,431.61,1.0
1727289030103,431.58,14.0
1727289030103,431.58,14.0
1727289030763,431.58,1.0
1727289030763,431.58,1.0
1727289031083,431.6409,3.0
1727289031083,431.6409,3.0
1727289031122,431.58,200.0
1727289031122,431.58,200.0
1727289031156,431.58,1.0
1727289031156,431.58,1.0
1727289031172,431.58,1.0
1727289031172,431.58,1.0
1727289031221,431.6403,1.0
1727289031221,431.6403,2.0
1727289031221,431.6403,1.0
1727289031221,431.6403,2.0
1727289031399,431.58,1.0
1727289031399,431.58,1.0
1727289032407,431.5501,90.0
1727289032407,431.5501,90.0
1727289032900,431.6099,2.0
1727289032900,431.6099,2.0
1727289032957,431.58,2.0
1727289032957,431.58,2.0
1727289033425,431.5512,1.0
1727289033425,431.5512,1.0
1727289034074,431.58,1.0
1727289034077,431.5501,5.0
1727289034074,431.58,1.0
1727289034077,431.5501,5.0
1727289034098,431.58,40.0
1727289034098,431.58,40.0
1727289034716,431.596,1.0
1727289034716,431.596,1.0
1727289035361,431.58,5.0
1727289035361,431.58,5.0
1727289036411,431.56,1.0
1727289036420,431.56,100.0
1727289036420,431.56,100.0
1727289036411,431.56,1.0
1727289036420,431.56,100.0
1727289036420,431.56,100.0
1727289036645,431.5629,16.0
1727289036649,431.53,1.0
1727289036645,431.5629,16.0
1727289036649,431.53,1.0
1727289036668,431.56,1.0
1727289036668,431.56,1.0
1727289036173,431.56,1.0
1727289036173,431.56,1.0
1727289036174,431.56,84.0
1727289036174,431.56,1.0
1727289036174,431.55,2.0
1727289036174,431.54,1.0
1727289036174,431.55,5.0
1727289035274,431.568,1.0
1727289036174,431.56,84.0
1727289036174,431.56,1.0
1727289036174,431.55,2.0
1727289036174,431.54,1.0
1727289036174,431.55,5.0
1727289035274,431.568,1.0
1727289036697,431.5598,100.0
1727289036697,431.5598,100.0
1727289037882,431.58,2.0
1727289037882,431.58,2.0
1727289037940,431.59,1.0
1727289037940,431.59,1.0
1727289038033,431.59,2.0
1727289038033,431.59,2.0
1727289038100,431.6,1.0
1727289038100,431.6,1.0
1727289038121,431.59,2.0
1727289038121,431.59,2.0
1727289038163,431.565,10.0
1727289038163,431.565,10.0
1727289038212,431.59,1.0
1727289038212,431.59,1.0
1727289038949,431.565,1.0
1727289038949,431.565,1.0
1727289038291,431.59,2.0
1727289038291,431.59,3.0
1727289038292,431.59,3.0
1727289038291,431.59,2.0
1727289038291,431.59,3.0
1727289038292,431.59,3.0
1727289038374,431.59,1.0
1727289038374,431.59,1.0
1727289038455,431.59,1.0
1727289038455,431.59,1.0
1727289038520,431.59,1.0
1727289038528,431.5988,1.0
1727289038520,431.59,1.0
1727289038528,431.5988,1.0
1727289038573,431.565,10.0
1727289038581,431.59,1.0
1727289038573,431.565,10.0
1727289038581,431.59,1.0
1727289038652,431.59,1.0
1727289038652,431.59,1.0
1727289039911,431.59,1.0
1727289039373,431.565,3.0
1727289039373,431.565,3.0
1727289039770,431.59,1.0
1727289039770,431.59,1.0
1727289040024,431.59,1.0
1727289040024,431.565,3.0
1727289040024,431.59,1.0
1727289040024,431.565,3.0
1727289039911,431.59,1.0
1727289040789,431.565,50.0
1727289040789,431.565,50.0
1727289040848,431.565,2.0
1727289040850,431.565,55.0
1727289040848,431.565,2.0
1727289040850,431.565,55.0
1727289041261,431.565,100.0
1727289041261,431.565,100.0
1727289041313,431.6367,1.0
1727289041313,431.6367,1.0
1727289041667,431.572,1.0
1727289041667,431.572,1.0
1727289041889,431.5999,2.0
1727289041889,431.5999,2.0
1727289042941,431.5454,3.0
1727289042941,431.5454,3.0
1727289042953,431.565,100.0
1727289042953,431.565,100.0
1727289044220,431.5878,50.0
1727289044220,431.5878,50.0
1727289044009,431.53,1.0
1727289044032,431.565,200.0
1727289044009,431.53,1.0
1727289044032,431.565,200.0
1727289044120,431.635,1.0
1727289044120,431.635,1.0
1727289045331,431.5846,3.0
1727289045331,431.5846,3.0
1727289049040,431.5847,1.0
1727289049040,431.5847,1.0
1727289049265,431.5312,1.0
1727289049265,431.5312,1.0
1727289049590,431.59,54.0
1727289049590,431.59,54.0
1727289049391,431.54,3.0
1727289049391,431.54,3.0
1727289106396,431.67,50.0
1727289106396,431.68,100.0
1727289106396,431.67,50.0
1727289106396,431.68,100.0
1727289107758,431.675,1.0
1727289107758,431.675,1.0
1727289107871,431.6681,47.0
1727289107871,431.6681,47.0
1727289107910,431.685,1.0
1727289107910,431.685,1.0
1727289108468,431.6681,1.0
1727289108472,431.6722,2.0
1727289108476,431.7,2.0
1727289108476,431.7,21.0
1727289108476,431.7,29.0
1727289108468,431.6681,1.0
1727289108472,431.6722,2.0
1727289108476,431.7,2.0
1727289108476,431.7,21.0
1727289108476,431.7,29.0
1727289110226,431.7,100.0
1727289110226,431.7,100.0
1727289110662,431.735,6.0
1727289110662,431.735,6.0
1727289111125,431.7688,1.0
1727289111125,431.7688,1.0
1727289111296,431.7099,225.0
1727289111296,431.7099,225.0
1727289112145,431.735,1.0
1727289112277,431.5999,4.0
1727289112390,431.706,230.0
1727289112145,431.735,1.0
1727289112201,431.6104,17.0
1727289112201,431.6104,17.0
1727289112390,431.706,230.0
1727289112437,431.6252,2.0
1727289112437,431.6252,2.0
1727289112453,431.735,1.0
1727289112277,431.5999,4.0
1727289112453,431.735,1.0
1727289112548,431.71,3.0
1727289112548,431.71,3.0
1727289113099,431.7001,1.0
1727289113099,431.7001,1.0
1727289114760,431.735,1.0
1727289114760,431.735,1.0
1727289114075,431.7699,4.0
1727289114077,431.7177,250.0
1727289114075,431.7699,4.0
1727289114077,431.7177,250.0
1727289114190,431.7688,1.0
1727289114190,431.7688,1.0
1727289115131,431.735,1.0
1727289115131,431.735,1.0
1727289115621,431.735,15.0
1727289115621,431.735,15.0
1727289115723,431.7253,46.0
1727289115723,431.725389,46.0
1727289116257,431.735,1.0
1727289116257,431.735,1.0
1727289116354,431.735,6.0
1727289116354,431.735,6.0
1727289116465,431.735,1.0
1727289116465,431.735,1.0
1727289117240,431.7557,189.0
1727289117240,431.7557,189.0
1727289117459,431.7,2.0
1727289117459,431.7,2.0
1727289117622,431.735,1.0
1727289117622,431.735,1.0
1727289117901,431.6169,3.0
1727289117901,431.6169,3.0
1727289118429,431.74,8.0
1727289118429,431.74,8.0
1727289119049,431.735,100.0
1727289119049,431.735,100.0
1727289118789,431.7688,1.0
1727289118789,431.7688,1.0
1727289120322,431.7688,1.0
1727289120322,431.7688,1.0
1727289120608,431.735,23.0
1727289120608,431.735,23.0
1727289120768,431.735,1.0
1727289120768,431.735,1.0
1727289121130,431.735,9.0
1727289121130,431.735,9.0
1727289121892,431.735,9.0
1727289121892,431.735,9.0
1727289121919,431.735,1.0
1727289121920,431.735,2.0
1727289121919,431.735,1.0
1727289121920,431.735,2.0
1727289122422,431.5858,1.0
1727289122364,431.7012,1.0
1727289122364,431.7012,1.0
1727289122422,431.5858,1.0
1727289122851,431.77,3.0
1727289122851,431.77,3.0
1727289123502,431.77,1.0
1727289123502,431.77,1.0
1727289124512,431.7,6.0
1727289124512,431.7,6.0
1727289124723,431.75,13.0
1727289124723,431.75,1.0
1727289124723,431.75,1.0
1727289124724,431.76,12.0
1727289124724,431.76,6.0
1727289124724,431.74,2.0
1727289124724,431.74,6.0
1727289124723,431.75,13.0
1727289124723,431.75,1.0
1727289124723,431.75,1.0
1727289124724,431.76,12.0
1727289124724,431.76,6.0
1727289124724,431.74,2.0
1727289124724,431.74,6.0
1727289125563,431.75,1.0
1727289125103,431.75,100.0
1727289125103,431.75,1.0
1727289125103,431.75,100.0
1727289125103,431.75,1.0
1727289125563,431.75,1.0
1727289125805,431.75,1.0
1727289125805,431.75,1.0
1727289125843,431.77,2.0
1727289125843,431.77,2.0
1727289126022,431.7301,1.0
1727289126022,431.7301,1.0
1727289126074,431.75,40.0
1727289126074,431.76,32.0
1727289126074,431.75,40.0
1727289126074,431.76,32.0
1727289126091,431.75,20.0
1727289126091,431.74,30.0
1727289126091,431.74,20.0
1727289126091,431.74,15.0
1727289126099,431.7301,5.0
1727289126091,431.75,20.0
1727289126091,431.74,30.0
1727289126091,431.74,20.0
1727289126091,431.74,15.0
1727289126099,431.7301,5.0
1727289126117,431.77,1.0
1727289126117,431.77,1.0
1727289127393,431.73,61.0
1727289127399,431.77,100.0
1727289127393,431.73,61.0
1727289127403,431.77,1.0
1727289127399,431.77,100.0
1727289127403,431.77,1.0
1727289128051,431.738,1.0
1727289128051,431.738,1.0
1727289128246,431.74,85.0
1727289128246,431.73,40.0
1727289128246,431.73,100.0
1727289128246,431.73,18.0
1727289128246,431.73,82.0
1727289128246,431.73,1.0
1727289128246,431.73,2.0
1727289128246,431.73,46.0
1727289128246,431.73,10.0
1727289128246,431.73,92.0
1727289128246,431.73,4.0
1727289128246,431.73,10.0
1727289128246,431.73,10.0
1727289128246,431.73,2.0
1727289128246,431.73,100.0
1727289128251,431.74,33.0
1727289128251,431.72,76.0
1727289128246,431.74,85.0
1727289128252,431.74,50.0
1727289128246,431.73,40.0
1727289128246,431.73,100.0
1727289128246,431.73,18.0
1727289128246,431.73,82.0
1727289128246,431.73,1.0
1727289128246,431.73,2.0
1727289128246,431.73,46.0
1727289128246,431.73,10.0
1727289128344,431.72,1.0
1727289128246,431.73,92.0
1727289128246,431.73,4.0
1727289128246,431.73,10.0
1727289128246,431.73,10.0
1727289128246,431.73,2.0
1727289128246,431.73,100.0
1727289128251,431.74,33.0
1727289128344,431.72,1.0
1727289128251,431.72,76.0
1727289128252,431.74,50.0
1727289128780,431.73,1.0
1727289128780,431.73,1.0
1727289129004,431.72,1.0
1727289129004,431.72,1.0
1727289129564,431.71,22.0
1727289130344,431.7,18.0
1727289129564,431.71,22.0
1727289130345,431.7,82.0
1727289130386,431.675,66.0
1727289130345,431.7,8.0
1727289130345,431.7,91.0
1727289130379,431.65,5.0
1727289130386,431.675,66.0
1727289130049,431.72,21.0
1727289130049,431.72,3.0
1727289130379,431.65,5.0
1727289130049,431.72,21.0
1727289130049,431.72,3.0
1727289130170,431.71,7.0
1727289130170,431.71,7.0
1727289130337,431.71,1.0
1727289130337,431.71,30.0
1727289130337,431.71,59.0
1727289130337,431.71,4.0
1727289130343,431.7,100.0
1727289130343,431.7,1.0
1727289130343,431.7,1.0
1727289130343,431.7,2.0
1727289130343,431.7,8.0
1727289130343,431.7,9.0
1727289130344,431.7,150.0
1727289130344,431.7,5.0
1727289130344,431.7,5.0
1727289130344,431.7,18.0
1727289130345,431.7,82.0
1727289130345,431.7,8.0
1727289130345,431.7,91.0
1727289130337,431.71,1.0
1727289130337,431.71,30.0
1727289130337,431.71,59.0
1727289130337,431.71,4.0
1727289130343,431.7,100.0
1727289130343,431.7,1.0
1727289130343,431.7,1.0
1727289130343,431.7,2.0
1727289130343,431.7,8.0
1727289130343,431.7,9.0
1727289130344,431.7,150.0
1727289130344,431.7,5.0
1727289130344,431.7,5.0
1727289130642,431.675,2.0
1727289130643,431.675,3.0
1727289130642,431.675,2.0
1727289130643,431.675,3.0
1727289131120,431.675,225.0
1727289131120,431.675,225.0
1727289131208,431.621,2.0
1727289131208,431.621,2.0
1727289131262,431.675,55.0
1727289131262,431.675,55.0
1727289131273,431.675,950.0
1727289131273,431.675,950.0
1727289131547,431.675,1.0
1727289131547,431.675,1.0
1727289131892,431.64,29.0
1727289131896,431.67,3.0
1727289131892,431.64,29.0
1727289131896,431.67,3.0
1727289132213,431.6779,2.0
1727289132213,431.6779,2.0
1727289132838,431.64,1.0
1727289132838,431.64,1.0
1727289133553,431.66,173.0
1727289133556,431.66,1.0
1727289133553,431.66,173.0
1727289133556,431.66,1.0
1727289133858,431.6398,33.0
1727289133858,431.6398,33.0
1727289134557,431.665,1.0
1727289134623,431.6988,1.0
1727289134623,431.6988,1.0
1727289134012,431.66,2.0
1727289134012,431.66,2.0
1727289134557,431.665,1.0
1727289135279,431.6361,23.0
1727289135279,431.6361,23.0
1727289135386,431.66,14.0
1727289135386,431.66,14.0
1727289135538,431.6905,1.0
1727289135538,431.6905,1.0
1727289135553,431.66,1.0
1727289135553,431.66,1.0
1727289135862,431.69,50.0
1727289135862,431.69,14.0
1727289135862,431.69,150.0
1727289135862,431.69,15.0
1727289135862,431.7,25.0
1727289135862,431.7,100.0
1727289135862,431.7,100.0
1727289135862,431.7,100.0
1727289135862,431.7,100.0
1727289135862,431.7,100.0
1727289135862,431.655,2.0
1727289135862,431.69,100.0
1727289135862,431.69,150.0
1727289135862,431.7,31.0
1727289135862,431.7,100.0
1727289135862,431.7,100.0
1727289135862,431.7,100.0
1727289135862,431.7,17.0
1727289135862,431.655,50.0
1727289135862,431.71,4.0
1727289135862,431.71,1.0
1727289135862,431.655,50.0
1727289135862,431.69,52.0
1727289135863,431.69,100.0
1727289135864,431.7,20.0
1727289135865,431.7,20.0
1727289135870,431.69,100.0
1727289135862,431.69,50.0
1727289135862,431.69,14.0
1727289135874,431.695,100.0
1727289135862,431.69,150.0
1727289135862,431.69,15.0
1727289135862,431.7,25.0
1727289135862,431.7,100.0
1727289135862,431.7,100.0
1727289135862,431.7,100.0
1727289135862,431.7,100.0
1727289135862,431.7,100.0
1727289135862,431.655,2.0
1727289135862,431.69,100.0
1727289135862,431.69,150.0
1727289135862,431.7,31.0
1727289135862,431.7,100.0
1727289135862,431.7,100.0
1727289135862,431.7,100.0
1727289135862,431.7,17.0
1727289135862,431.655,50.0
1727289135862,431.71,4.0
1727289135862,431.71,1.0
1727289135862,431.655,50.0
1727289135862,431.69,52.0
1727289135863,431.69,100.0
1727289135864,431.7,20.0
1727289135865,431.7,20.0
1727289135870,431.69,100.0
1727289135874,431.695,100.0
1727289136197,431.69,100.0
1727289136197,431.69,100.0
1727289137658,431.69,2.0
1727289137658,431.69,2.0
1727289137757,431.695,1.0
1727289137758,431.695,2.0
1727289137757,431.695,1.0
1727289137758,431.695,2.0
1727289137435,431.6998,1.0
1727289137435,431.6998,1.0
1727289138891,431.69,1.0
1727289138894,431.66,1.0
1727289138053,431.68,1.0
1727289138891,431.69,1.0
1727289138894,431.66,1.0
1727289138053,431.68,1.0
1727289138937,431.69,5.0
1727289138937,431.69,5.0
1727289138998,431.695,18.0
1727289139001,431.67,1.0
1727289139006,431.67,1.0
1727289138998,431.695,18.0
1727289139001,431.67,1.0
1727289139006,431.67,1.0
1727289139184,431.695,20.0
1727289139184,431.695,20.0
1727289139551,431.695,4.0
1727289139551,431.695,4.0
1727289141013,431.69,7.0
1727289141013,431.69,7.0
1727289142790,431.706,1.0
1727289142790,431.706,1.0
1727289143022,431.7,1.0
1727289143022,431.7,1.0
1727289143067,431.7,1.0
1727289143067,431.7,1.0
1727289143161,431.712,1.0
1727289143161,431.712,1.0
1727289143358,431.6305,1.0
1727289143358,431.6305,1.0
1727289143913,431.7,1.0
1727289143913,431.7,1.0
1727289144670,431.7,1.0
1727289144670,431.7,1.0
1727289144977,431.69,3.0
1727289144977,431.69,3.0
1727289146094,431.72,100.0
1727289146094,431.72,200.0
1727289146094,431.72,100.0
1727289146094,431.72,60.0
1727289146095,431.72,16.0
1727289146099,431.7,20.0
1727289146094,431.72,100.0
1727289146094,431.72,200.0
1727289146107,431.72,3.0
1727289146094,431.72,100.0
1727289146094,431.72,60.0
1727289146099,431.7,20.0
1727289146107,431.72,3.0
1727289146095,431.72,16.0
1727289146301,431.7026,23.0
1727289146301,431.7026,23.0
1727289146629,431.7,3.0
1727289146629,431.7,3.0
1727289146988,431.6366,3.0
1727289146988,431.6366,3.0
1727289149045,431.725,100.0
1727289149045,431.725,100.0
1727289150477,431.71,203.0
1727289150477,431.71,203.0
1727289150267,431.7299,3.0
1727289150268,431.71,1.0
1727289150267,431.7299,3.0
1727289150268,431.71,1.0
1727289150600,431.7292,203.0
1727289150600,431.7292,203.0
1727289150639,431.71,52.0
1727289150639,431.71,52.0
1727289151224,431.64,2.0
1727289151224,431.64,2.0
1727289152439,431.71,14.0
1727289152439,431.71,14.0
1727289152912,431.71,45.0
1727289152912,431.71,45.0
1727289153522,431.7184,4.0
1727289153522,431.7184,4.0
1727289154220,431.71,2.0
1727289154242,431.71,1.0
1727289154220,431.71,2.0
1727289154242,431.71,1.0
1727289154406,431.71,100.0
1727289154406,431.71,100.0
1727289154815,431.71,1.0
1727289154817,431.71,1.0
1727289154815,431.71,1.0
1727289154817,431.71,1.0
1727289155060,431.71,30.0
1727289155060,431.71,30.0
1727289155085,431.7262,287.0
1727289155086,431.702,8.0
1727289155085,431.7262,287.0
1727289155086,431.702,8.0
1727289155340,431.7252,9.0
1727289155340,431.7252,9.0
1727289155357,431.71,4.0
1727289155357,431.71,4.0
1727289155376,431.7,48.0
1727289155376,431.7,48.0
1727289155566,431.7252,1.0
1727289155575,431.73,100.0
1727289155575,431.73,100.0
1727289155575,431.73,100.0
1727289155575,431.73,6.0
1727289155575,431.73,6.0
1727289155575,431.73,100.0
1727289155576,431.71,100.0
1727289155576,431.71,4.0
1727289155566,431.7252,1.0
1727289155575,431.73,100.0
1727289155575,431.73,100.0
1727289155575,431.73,100.0
1727289155575,431.73,6.0
1727289155575,431.73,6.0
1727289155575,431.73,100.0
1727289155576,431.71,100.0
1727289155576,431.71,4.0
1727289156669,431.72,1.0
1727289156669,431.71,3.0
1727289156669,431.72,1.0
1727289156669,431.71,3.0
1727289157493,431.69,13.0
1727289157493,431.69,13.0
1727289157646,431.6457,3.0
1727289157646,431.6457,3.0
1727289158071,431.7355,25.0
1727289158071,431.7355,25.0
1727289158656,431.6459,2.0
1727289158656,431.6459,2.0
1727289159213,431.715,4.0
1727289159213,431.715,4.0
1727289159336,431.7499,4.0
1727289159336,431.7499,4.0
1727289159926,431.713,128.0
1727289159926,431.713,128.0
1727289159999,431.7248,50.0
1727289159999,431.7248,50.0
1727289160509,431.7,117.0
1727289160509,431.7,117.0
1727289160525,431.6468,1.0
1727289160525,431.6468,1.0
1727289160812,431.75,6.0
1727289160812,431.75,6.0
1727289160741,431.7246,11.0
1727289160741,431.724607,11.0
1727289162772,431.715,15.0
1727289162774,431.715,35.0
1727289162772,431.715,15.0
1727289162774,431.715,35.0
1727289163310,431.75,4.0
1727289163310,431.75,4.0
1727289164074,431.715,3.0
1727289164074,431.715,3.0
1727289164971,431.715,1.0
1727289164971,431.715,1.0
1727289165130,431.715,1.0
1727289165130,431.715,1.0
1727289165154,431.75,4.0
1727289165154,431.74,2.0
1727289165156,431.715,3.0
1727289165156,431.715,97.0
1727289165158,431.75,4.0
1727289165160,431.75,2.0
1727289165160,431.75,90.0
1727289165160,431.75,11.0
1727289165160,431.75,100.0
1727289165160,431.75,140.0
1727289165160,431.75,11.0
1727289165160,431.75,37.0
1727289165161,431.73,2.0
1727289165161,431.73,2.0
1727289165161,431.73,2.0
1727289165161,431.76,2.0
1727289165154,431.75,4.0
1727289165154,431.74,2.0
1727289165156,431.715,3.0
1727289165156,431.715,97.0
1727289165158,431.75,4.0
1727289165160,431.75,2.0
1727289165160,431.75,90.0
1727289165160,431.75,11.0
1727289165160,431.75,100.0
1727289165160,431.75,140.0
1727289165160,431.75,11.0
1727289165160,431.75,37.0
1727289165161,431.73,2.0
1727289165161,431.73,2.0
1727289165161,431.73,2.0
1727289165161,431.76,2.0
1727289165261,431.715,2.0
1727289165261,431.715,2.0
1727289165293,431.76,6.0
1727289165293,431.77,1.0
1727289165293,431.76,6.0
1727289165293,431.77,1.0
1727289165481,431.74,5.0
1727289165481,431.74,5.0
1727289167721,431.6026,100.0
1727289167721,431.6026,100.0
1727289229218,431.699,2.0
1727289229218,431.699,1.0
1727289229218,431.699,2.0
1727289229218,431.699,1.0
1727289229280,431.725,53.0
1727289229280,431.725,53.0
1727289230389,431.71,1.0
1727289230389,431.71,1.0
1727289231018,431.725,1.0
1727289231018,431.725,1.0
1727289231233,431.7003,5.0
1727289231233,431.7003,5.0
1727289231345,431.7231,1.0
1727289231345,431.7231,1.0
1727289231487,431.7,16.0
1727289231487,431.7,16.0
1727289232287,431.7232,9.0
1727289232287,431.7232,9.0
1727289232331,431.6989,1.0
1727289232331,431.6989,1.0
1727289235317,431.71,122.0
1727289235317,431.71,13.0
1727289235317,431.71,41.0
1727289235317,431.71,10.0
1727289235317,431.7,44.0
1727289235317,431.7,1.0
1727289235317,431.7,39.0
1727289235317,431.7,50.0
1727289235317,431.7,1.0
1727289235317,431.7,10.0
1727289235317,431.7,10.0
1727289235317,431.7,10.0
1727289235317,431.69,20.0
1727289235317,431.7,39.0
1727289235318,431.71,1.0
1727289235318,431.71,11.0
1727289235318,431.71,11.0
1727289235317,431.71,122.0
1727289235317,431.71,13.0
1727289235317,431.71,41.0
1727289235317,431.71,10.0
1727289235317,431.7,44.0
1727289235317,431.7,1.0
1727289235317,431.7,39.0
1727289235317,431.7,50.0
1727289235317,431.7,1.0
1727289235317,431.7,10.0
1727289235317,431.7,10.0
1727289235317,431.7,10.0
1727289235317,431.69,20.0
1727289235317,431.7,39.0
1727289235318,431.71,1.0
1727289235318,431.71,11.0
1727289235318,431.71,11.0
1727289235413,431.71,1.0
1727289235413,431.71,1.0
1727289235551,431.725,1.0
1727289235551,431.725,1.0
1727289236311,431.68,13.0
1727289236312,431.6813,3.0
1727289236314,431.6812,1.0
1727289236324,431.71,2.0
1727289236311,431.68,13.0
1727289236312,431.6813,3.0
1727289236314,431.6812,1.0
1727289236324,431.71,2.0
1727289237339,431.7399,1.0
1727289237329,431.68,4.0
1727289237329,431.68,4.0
1727289237339,431.7399,1.0
1727289237013,431.686,3.0
1727289237013,431.686,3.0
1727289237232,431.6923,3.0
1727289237232,431.6923,3.0
1727289239122,431.71,2.0
1727289239122,431.71,2.0
1727289239522,431.74,1.0
1727289239522,431.74,1.0
1727289241475,431.68,248.0
1727289241475,431.68,23.0
1727289241475,431.68,29.0
1727289241475,431.68,10.0
1727289241475,431.68,26.0
1727289241475,431.68,1.0
1727289241475,431.68,24.0
1727289241475,431.68,100.0
1727289241475,431.68,248.0
1727289241475,431.68,23.0
1727289241475,431.68,29.0
1727289241475,431.68,10.0
1727289241475,431.68,26.0
1727289241475,431.68,1.0
1727289241475,431.68,24.0
1727289241475,431.68,100.0
1727289241477,431.675,6.0
1727289241284,431.7,1.0
1727289241284,431.7,1.0
1727289241477,431.675,6.0
1727289241897,431.66,29.0
1727289241897,431.66,29.0
1727289241991,431.655,1.0
1727289241991,431.655,1.0
1727289242908,431.6615,1.0
1727289242908,431.6615,1.0
1727289244494,431.6799,2.0
1727289244494,431.6799,2.0
1727289244512,431.68,32.0
1727289244512,431.68,32.0
1727289246157,431.6496,46.0
1727289246157,431.6496,46.0
1727289246450,431.6718,5.0
1727289246450,431.6718,5.0
1727289247900,431.68,14.0
1727289247909,431.6905,15.0
1727289247909,431.6796,2.0
1727289247915,431.64,39.0
1727289247900,431.68,14.0
1727289247909,431.6905,15.0
1727289247909,431.6796,2.0
1727289247915,431.64,39.0
1727289248434,431.68,3.0
1727289248434,431.68,3.0
1727289248206,431.65,1.0
1727289248206,431.65,1.0
1727289248308,431.67,5.0
1727289248308,431.67,5.0
1727289248714,431.67,1.0
1727289248714,431.67,3.0
1727289248715,431.67,1.0
1727289248714,431.67,1.0
1727289248714,431.67,3.0
1727289248715,431.67,1.0
1727289248759,431.65,2.0
1727289248759,431.65,14.0
1727289248763,431.65,3.0
1727289248768,431.65,3.0
1727289248759,431.65,2.0
1727289248770,431.64,2.0
1727289248759,431.65,14.0
1727289248763,431.65,3.0
1727289248773,431.658,37.0
1727289248773,431.65,1.0
1727289248768,431.65,3.0
1727289248782,431.64,4.0
1727289248782,431.6935,1.0
1727289248770,431.64,2.0
1727289248783,431.6935,2.0
1727289248773,431.658089,37.0
1727289248773,431.65,1.0
1727289248782,431.64,4.0
1727289248782,431.6935,1.0
1727289248783,431.6935,2.0
1727289248998,431.69,7.0
1727289248998,431.68,1.0
1727289248998,431.69,7.0
1727289248998,431.68,1.0
1727289249500,431.6401,24.0
1727289249500,431.6401,24.0
1727289249558,431.655,20.0
1727289249558,431.66,3.0
1727289249558,431.655,20.0
1727289249558,431.66,3.0
1727289249669,431.66,1.0
1727289249669,431.64,28.0
1727289249670,431.65,5.0
1727289249669,431.66,1.0
1727289249669,431.64,28.0
1727289249670,431.65,5.0
1727289249776,431.64,1.0
1727289249776,431.64,15.0
1727289249776,431.64,1.0
1727289249776,431.64,15.0
1727289249793,431.63,43.0
1727289249793,431.63,157.0
1727289249793,431.63,6.0
1727289249793,431.63,1.0
1727289249793,431.63,1.0
1727289249793,431.63,34.0
1727289249793,431.63,10.0
1727289249793,431.63,68.0
1727289249793,431.63,5.0
1727289249793,431.63,32.0
1727289249793,431.63,43.0
1727289249793,431.63,157.0
1727289249793,431.63,1.0
1727289249793,431.63,6.0
1727289249793,431.63,1.0
1727289249793,431.63,34.0
1727289249793,431.63,10.0
1727289249793,431.63,68.0
1727289249793,431.63,5.0
1727289249793,431.63,32.0
1727289249811,431.62,18.0
1727289249811,431.62,18.0
1727289249826,431.62,7.0
1727289249826,431.62,7.0
1727289249826,431.62,7.0
1727289249826,431.62,7.0
1727289250110,431.62,1.0
1727289250110,431.62,1.0
1727289250201,431.625,5.0
1727289250201,431.625,5.0
1727289251210,431.6916,5.0
1727289251210,431.6916,3.0
1727289251210,431.6916,5.0
1727289251210,431.6916,3.0
1727289251922,431.6704,1.0
1727289251922,431.6704,1.0
1727289252590,431.62,1.0
1727289252590,431.62,1.0
1727289253025,431.61,2.0
1727289253025,431.61,2.0
1727289253096,431.6,46.0
1727289253097,431.59,1.0
1727289253097,431.59,1.0
1727289253097,431.59,3.0
1727289253096,431.6,46.0
1727289253097,431.59,1.0
1727289253097,431.59,1.0
1727289253097,431.59,3.0
1727289253350,431.6,46.0
1727289253350,431.6,46.0
1727289253491,431.6689,6.0
1727289253491,431.6689,6.0
1727289254123,431.6199,10.0
1727289254123,431.6199,10.0
1727289254137,431.605,8.0
1727289254141,431.605,250.0
1727289254137,431.605,8.0
1727289254141,431.605,250.0
1727289254212,431.6174,50.0
1727289254212,431.6174,50.0
1727289254692,431.605,1.0
1727289254692,431.605,1.0
1727289255392,431.64,40.0
1727289255405,431.64,1.0
1727289255671,431.65,20.0
1727289255671,431.65,20.0
1727289255374,431.64,100.0
1727289255374,431.64,8.0
1727289255374,431.64,11.0
1727289255374,431.64,16.0
1727289255374,431.64,100.0
1727289255384,431.635,40.0
1727289255374,431.64,8.0
1727289255374,431.64,11.0
1727289255374,431.64,16.0
1727289255387,431.635,50.0
1727289255389,431.66,1.0
1727289255389,431.66,1.0
1727289255390,431.635,25.0
1727289255391,431.66,13.0
1727289255392,431.66,85.0
1727289255392,431.66,15.0
1727289255392,431.64,40.0
1727289255384,431.635,40.0
1727289255387,431.635,50.0
1727289255389,431.66,1.0
1727289255405,431.64,1.0
1727289255389,431.66,1.0
1727289255390,431.635,25.0
1727289255391,431.66,13.0
1727289255392,431.66,85.0
1727289255392,431.66,15.0
1727289255897,431.65,15.0
1727289255909,431.63,1.0
1727289255897,431.65,15.0
1727289255909,431.63,1.0
1727289256095,431.63,5.0
1727289256095,431.63,5.0
1727289256204,431.65,100.0
1727289256204,431.65,100.0
1727289256387,431.64,3.0
1727289256387,431.64,3.0
1727289257759,431.65,1.0
1727289257759,431.65,1.0
1727289258388,431.65,1.0
1727289258388,431.65,1.0
1727289258918,431.63,1.0
1727289258684,431.63,50.0
1727289258684,431.63,10.0
1727289258684,431.63,1.0
1727289258684,431.63,50.0
1727289258684,431.63,2.0
1727289258684,431.63,23.0
1727289258684,431.64,5.0
1727289258685,431.625,5.0
1727289258684,431.63,50.0
1727289258684,431.63,10.0
1727289258684,431.63,1.0
1727289258684,431.63,50.0
1727289258684,431.63,2.0
1727289258684,431.63,23.0
1727289258684,431.64,5.0
1727289258685,431.625,5.0
1727289258918,431.63,1.0
1727289259103,431.6201,5.0
1727289259112,431.6652,4.0
1727289259103,431.6201,5.0
1727289259119,431.635,40.0
1727289259112,431.6652,4.0
1727289259119,431.635,40.0
1727289259312,431.6688,1.0
1727289259312,431.6688,1.0
1727289259529,431.6612,219.0
1727289259529,431.6612,219.0
1727289260334,431.6012,1.0
1727289260334,431.6012,1.0
1727289261114,431.6525,100.0
1727289261114,431.6525,100.0
1727289261816,431.63,1.0
1727289261816,431.63,1.0
1727289263003,431.63,30.0
1727289263003,431.63,30.0
1727289262784,431.61,8.0
1727289262784,431.61,8.0
1727289262938,431.63,30.0
1727289262938,431.63,30.0
1727289263198,431.66,11.0
1727289263198,431.66,1789.0
1727289263198,431.67,100.0
1727289263198,431.67,10.0
1727289263198,431.67,200.0
1727289263198,431.67,55.0
1727289263198,431.67,35.0
1727289263198,431.63,50.0
1727289263198,431.67,54.0
1727289263198,431.67,17.0
1727289263198,431.67,54.0
1727289263199,431.67,276.0
1727289263199,431.67,29.0
1727289263199,431.67,16.0
1727289263199,431.67,877.0
1727289263199,431.67,46.0
1727289263199,431.67,447.0
1727289263199,431.68,5.0
1727289263199,431.68,1.0
1727289263199,431.67,16.0
1727289263199,431.67,84.0
1727289263199,431.65,100.0
1727289263199,431.65,100.0
1727289263200,431.65,100.0
1727289263200,431.67,9.0
1727289263198,431.66,11.0
1727289263198,431.66,1789.0
1727289263198,431.67,100.0
1727289263198,431.67,10.0
1727289263198,431.67,200.0
1727289263198,431.67,55.0
1727289263198,431.67,35.0
1727289263198,431.63,50.0
1727289263198,431.67,54.0
1727289263198,431.67,17.0
1727289263198,431.67,54.0
1727289263199,431.67,276.0
1727289263199,431.67,29.0
1727289263199,431.67,16.0
1727289263199,431.67,877.0
1727289263199,431.67,46.0
1727289263199,431.67,447.0
1727289263199,431.68,5.0
1727289263199,431.68,1.0
1727289263199,431.67,16.0
1727289263199,431.67,84.0
1727289263199,431.65,100.0
1727289263199,431.65,100.0
1727289263200,431.65,100.0
1727289263200,431.67,9.0
1727289263959,431.64,1.0
1727289263959,431.64,1.0
1727289264254,431.655,1.0
1727289264254,431.655,1.0
1727289265116,431.6424,1.0
1727289265116,431.6424,1.0
1727289265177,431.655,1.0
1727289265177,431.655,1.0
1727289265284,431.655,1.0
1727289265284,431.655,1.0
1727289265420,431.6424,2.0
1727289265420,431.6424,2.0
1727289265646,431.655,12.0
1727289265646,431.655,12.0
1727289266100,431.6811,1.0
1727289266100,431.6811,1.0
1727289266427,431.6224,100.0
1727289266427,431.6224,100.0
1727289266969,431.68,4.0
1727289266969,431.68,4.0
1727289267683,431.6532,100.0
1727289267683,431.6532,100.0
1727289268237,431.6309,10.0
1727289268237,431.6309,10.0
1727289268275,431.6314,1.0
1727289268275,431.6314,1.0
1727289268396,431.64,2.0
1727289268400,431.6425,5.0
1727289268396,431.64,2.0
1727289268400,431.6425,5.0
1727289268601,431.655,50.0
1727289268601,431.655,50.0
1727289268727,431.655,26.0
1727289268727,431.655,26.0
1727289270044,431.6312,1.0
1727289270044,431.6312,1.0
1727289270090,431.655,5.0
1727289270090,431.655,5.0
1727289270645,431.655,1.0
1727289270645,431.655,1.0
1727289270875,431.647,5.0
1727289270875,431.647,5.0
1727289271258,431.66,12.0
1727289271258,431.66,12.0
1727289270989,431.6652,1.0
1727289270993,431.655,1.0
1727289270995,431.655,2.0
1727289270996,431.6652,1.0
1727289270989,431.6652,1.0
1727289270993,431.655,1.0
1727289270995,431.655,2.0
1727289270996,431.6652,1.0
1727289271027,431.6699,76.0
1727289271027,431.6699,76.0
1727289271786,431.655,4.0
1727289271789,431.655,20.0
1727289271789,431.655,20.0
1727289271786,431.655,4.0
1727289271805,431.6536,9.0
1727289271805,431.6536,25.0
1727289271805,431.6536,9.0
1727289271805,431.6536,25.0
1727289271992,431.655,1.0
1727289271992,431.655,1.0
1727289272061,431.655,1.0
1727289272061,431.655,1.0
1727289272122,431.6568,1.0
1727289272122,431.6568,1.0
1727289272901,431.67,1.0
1727289272901,431.67,1.0
1727289275193,431.657,1.0
1727289275193,431.657,1.0
1727289275360,431.6784,2.0
1727289275360,431.6784,2.0
1727289275580,431.6417,2.0
1727289275580,431.6417,2.0
1727289276677,431.655,100.0
1727289276677,431.655,100.0
1727289276702,431.65,1.0
1727289276702,431.65,56.0
1727289276707,431.6515,9.0
1727289276711,431.6401,10.0
1727289276702,431.65,1.0
1727289276702,431.65,56.0
1727289276707,431.6515,9.0
1727289276711,431.6401,10.0
1727289276917,431.64,13.0
1727289276917,431.64,13.0
1727289277064,431.6752,2.0
1727289277064,431.6752,2.0
1727289277351,431.6826,66.0
1727289277351,431.6826,66.0
1727289277560,431.66,1.0
1727289277560,431.66,1.0
1727289277651,431.6765,4.0
1727289277651,431.6765,4.0
1727289277707,431.6752,1.0
1727289277707,431.6752,1.0
1727289278726,431.6788,1.0
1727289278726,431.6788,1.0
1727289279795,431.6516,21.0
1727289279795,431.6516,21.0
1727289279829,431.6764,2.0
1727289279829,431.6764,2.0
1727289279909,431.66,1.0
1727289279909,431.66,1.0
1727289280770,431.6412,1.0
1727289280770,431.6412,1.0
1727289280770,431.6412,1.0
1727289280770,431.6412,1.0
1727289281081,431.66,1.0
1727289281081,431.66,1.0
1727289281434,431.648,1.0
1727289281434,431.648,1.0
1727289281855,431.66,1.0
1727289281855,431.66,1.0
1727289282345,431.66,1.0
1727289282345,431.66,1.0
1727289282470,431.66,1.0
1727289282473,431.67,12.0
1727289282474,431.68,100.0
1727289282474,431.68,100.0
1727289282474,431.68,200.0
1727289282475,431.68,15.0
1727289282478,431.66,72.0
1727289282470,431.66,1.0
1727289282473,431.67,12.0
1727289282474,431.68,100.0
1727289282474,431.68,100.0
1727289282474,431.68,200.0
1727289282475,431.68,15.0
1727289282478,431.66,72.0
1727289283001,431.67,20.0
1727289283001,431.67,20.0
1727289283667,431.665,1.0
1727289283667,431.665,1.0
1727289283844,431.6412,1.0
1727289283844,431.6412,1.0
1727289284025,431.665,25.0
1727289284025,431.665,25.0
1727289284732,431.6685,4.0
1727289284732,431.6685,4.0
1727289285457,431.6675,5.0
1727289285457,431.6675,5.0
1727289286735,431.67,3.0
1727289286735,431.67,3.0
1727289290492,431.6412,1.0
1727289290492,431.6412,1.0
1727289290614,431.6417,1.0
1727289290623,431.64,100.0
1727289290623,431.64,103.0
1727289290614,431.6417,1.0
1727289290623,431.64,100.0
1727289290623,431.64,103.0
1727289290935,431.65,10.0
1727289290935,431.64,90.0
1727289290936,431.65,5.0
1727289290935,431.65,10.0
1727289290935,431.64,90.0
1727289290936,431.65,5.0
1727289291069,431.6301,49.0
1727289291069,431.6301,49.0
1727289349724,431.6658,2.0
1727289349724,431.6658,2.0
1727289349767,431.6888,1.0
1727289349767,431.6888,1.0
1727289349808,431.6703,1.0
1727289349808,431.6703,1.0
1727289350009,431.66,2.0
1727289350009,431.66,2.0
1727289351844,431.64,2.0
1727289351844,431.64,2.0
1727289352837,431.66,1.0
1727289352837,431.66,50.0
1727289352846,431.66,50.0
1727289352837,431.66,1.0
1727289352837,431.66,50.0
1727289352846,431.66,50.0
1727289353000,431.66,3.0
1727289353000,431.66,3.0
1727289353078,431.66,1.0
1727289353078,431.66,1.0
1727289353409,431.66,50.0
1727289353409,431.66,50.0
1727289353962,431.66,1.0
1727289353962,431.66,1.0
1727289353983,431.6658,45.0
1727289353983,431.6658,45.0
1727289354251,431.66,25.0
1727289354251,431.66,25.0
1727289355214,431.64,34.0
1727289355214,431.64,11.0
1727289355214,431.64,34.0
1727289355214,431.64,11.0
1727289355324,431.6648,3.0
1727289355324,431.6648,1.0
1727289355324,431.6648,3.0
1727289355324,431.6648,1.0
1727289356710,431.63,1.0
1727289356710,431.63,45.0
1727289356710,431.63,4.0
1727289356710,431.63,4.0
1727289356710,431.63,5.0
1727289356711,431.635,10.0
1727289356711,431.64,16.0
1727289356712,431.62,6.0
1727289356712,431.62,5.0
1727289356716,431.63,1.0
1727289356710,431.63,1.0
1727289356710,431.63,45.0
1727289356710,431.63,4.0
1727289356710,431.63,4.0
1727289356710,431.63,5.0
1727289356711,431.635,10.0
1727289356711,431.64,16.0
1727289356712,431.62,6.0
1727289356712,431.62,5.0
1727289356716,431.63,1.0
1727289357166,431.6217,1.0
1727289357166,431.6217,1.0
1727289357415,431.6408,100.0
1727289357415,431.6408,100.0
1727289357545,431.63,1.0
1727289357545,431.63,1.0
1727289358299,431.6452,1.0
1727289358299,431.6452,1.0
1727289359026,431.635,100.0
1727289359026,431.635,100.0
1727289359226,431.6116,25.0
1727289359226,431.6116,25.0
1727289359628,431.65,4.0
1727289359628,431.65,4.0
1727289360048,431.64,2.0
1727289360048,431.64,2.0
1727289360170,431.6667,32.0
1727289360170,431.6667,32.0
1727289360244,431.6245,5.0
1727289360244,431.6245,5.0
1727289360465,431.64,50.0
1727289360465,431.64,50.0
1727289360553,431.64,50.0
1727289360553,431.64,50.0
1727289361286,431.62,26.0
1727289361286,431.62,26.0
1727289361400,431.635,1.0
1727289361400,431.635,1.0
1727289361542,431.635,1.0
1727289361542,431.635,1.0
1727289361992,431.635,1.0
1727289361992,431.635,1.0
1727289362596,431.6202,124.0
1727289362596,431.6202,124.0
1727289362676,431.64,100.0
1727289362676,431.64,100.0
1727289362678,431.64,40.0
1727289362678,431.64,40.0
1727289362787,431.6634,2.0
1727289362787,431.6634,2.0
1727289362818,431.64,99.0
1727289362818,431.64,99.0
1727289362954,431.64,25.0
1727289362954,431.64,25.0
1727289363019,431.64,1.0
1727289363019,431.64,1.0
1727289363561,431.65,8.0
1727289363561,431.65,17.0
1727289363564,431.64,23.0
1727289363561,431.65,8.0
1727289363561,431.65,17.0
1727289363564,431.64,23.0
1727289363586,431.64,100.0
1727289363586,431.64,100.0
1727289363689,431.64,30.0
1727289363689,431.64,30.0
1727289365255,431.6699,1.0
1727289365255,431.6699,1.0
1727289365637,431.6688,1.0
1727289365637,431.6688,1.0
1727289365837,431.65,11.0
1727289365837,431.65,11.0
1727289366398,431.6799,300.0
1727289366398,431.6799,300.0
1727289367654,431.6263,478.0
1727289367654,431.6263,478.0
1727289367773,431.64,2.0
1727289367773,431.64,2.0
1727289367915,431.6622,3.0
1727289367915,431.6622,3.0
1727289368613,431.6342,2.0
1727289368613,431.6342,2.0
1727289368631,431.6687,55.0
1727289368631,431.6687,55.0
1727289369214,431.6452,69.0
1727289369218,431.62,1.0
1727289369214,431.6452,69.0
1727289369218,431.62,1.0
1727289369234,431.63,1.0
1727289369234,431.63,1.0
1727289369909,431.65,3.0
1727289369909,431.65,3.0
1727289370013,431.6629,20.0
1727289370013,431.6629,20.0
1727289370212,431.65,1.0
1727289370220,431.6583,100.0
1727289370212,431.65,1.0
1727289370220,431.6583,100.0
1727289370373,431.65,1.0
1727289370373,431.65,29.0
1727289370373,431.65,1.0
1727289370373,431.65,29.0
1727289370388,431.644,5.0
1727289370388,431.644,5.0
1727289370611,431.65,3.0
1727289370611,431.65,3.0
1727289370621,431.65,1.0
1727289370621,431.65,1.0
1727289370766,431.6201,400.0
1727289370766,431.6201,400.0
1727289370852,431.65,1.0
1727289370852,431.65,1.0
1727289371162,431.62,5.0
1727289371162,431.62,5.0
1727289371212,431.6621,3.0
1727289371212,431.6621,3.0
1727289371233,431.6341,2.0
1727289371233,431.6341,2.0
1727289371429,431.6677,10.0
1727289371429,431.6677,10.0
1727289371468,431.65,17.0
1727289371468,431.65,17.0
1727289372653,431.66,8.0
1727289372653,431.66,11.0
1727289372653,431.66,4.0
1727289372653,431.65,19.0
1727289372655,431.66,32.0
1727289372655,431.66,4.0
1727289372655,431.66,60.0
1727289372655,431.67,4.0
1727289372655,431.68,76.0
1727289372655,431.67,36.0
1727289372655,431.68,24.0
1727289372655,431.68,76.0
1727289372655,431.68,10.0
1727289372655,431.67,7.0
1727289372655,431.68,24.0
1727289372655,431.68,40.0
1727289372658,431.68,28.0
1727289372659,431.66,10.0
1727289372660,431.66,90.0
1727289372661,431.68,44.0
1727289372661,431.68,56.0
1727289372653,431.66,8.0
1727289372653,431.66,11.0
1727289372653,431.66,4.0
1727289372653,431.65,19.0
1727289372655,431.66,32.0
1727289372655,431.66,4.0
1727289372655,431.66,60.0
1727289372655,431.67,4.0
1727289372655,431.68,76.0
1727289372655,431.67,36.0
1727289372655,431.68,24.0
1727289372655,431.68,76.0
1727289372655,431.68,10.0
1727289372655,431.67,7.0
1727289372655,431.68,24.0
1727289372655,431.68,40.0
1727289372658,431.68,28.0
1727289372659,431.66,10.0
1727289372660,431.66,90.0
1727289372661,431.68,44.0
1727289372661,431.68,56.0
1727289373432,431.68,42.0
1727289373442,431.66,100.0
1727289373432,431.68,42.0
1727289373442,431.66,100.0
1727289373020,431.68,3.0
1727289373020,431.68,3.0
1727289373102,431.6678,5.0
1727289373102,431.6678,5.0
1727289373127,431.6401,3.0
1727289373130,431.6401,1.0
1727289373127,431.6401,3.0
1727289373130,431.6401,1.0
1727289373352,431.665,1.0
1727289373352,431.665,1.0
1727289373807,431.6888,1.0
1727289373807,431.6888,1.0
1727289374130,431.6627,1.0
1727289374130,431.6627,1.0
1727289374350,431.68,1.0
1727289374350,431.68,1.0
1727289374539,431.66,30.0
1727289374539,431.66,30.0
1727289374560,431.66,30.0
1727289374570,431.66,30.0
1727289374560,431.66,30.0
1727289374570,431.66,30.0
1727289374828,431.6888,1.0
1727289374828,431.6888,1.0
1727289374989,431.69,1.0
1727289374989,431.69,100.0
1727289374989,431.69,134.0
1727289374989,431.69,100.0
1727289374989,431.69,100.0
1727289374989,431.68,20.0
1727289374989,431.69,1.0
1727289374989,431.69,100.0
1727289374989,431.69,134.0
1727289374989,431.69,100.0
1727289374989,431.69,100.0
1727289374989,431.68,20.0
1727289374999,431.69,14.0
1727289374999,431.69,14.0
1727289375198,431.7,1.0
1727289375198,431.7,1.0
1727289375294,431.664,2.0
1727289375294,431.664,2.0
1727289375379,431.6642,2.0
1727289375814,431.72,22.0
1727289375815,431.73,44.0
1727289375815,431.73,9.0
1727289375815,431.73,3.0
1727289375815,431.73,44.0
1727289375379,431.6642,2.0
1727289375815,431.73,3.0
1727289375815,431.73,1.0
1727289375815,431.73,79.0
1727289375815,431.73,100.0
1727289375814,431.72,22.0
1727289375815,431.73,44.0
1727289375815,431.73,9.0
1727289375815,431.73,3.0
1727289375815,431.73,44.0
1727289375815,431.73,3.0
1727289375815,431.73,1.0
1727289375815,431.73,79.0
1727289375815,431.73,100.0
1727289375841,431.72,100.0
1727289375845,431.72,100.0
1727289375841,431.72,100.0
1727289375845,431.72,100.0
1727289376045,431.7111,800.0
1727289376045,431.7111,800.0
1727289376103,431.74,100.0
1727289376103,431.74,100.0
1727289376103,431.74,100.0
1727289376103,431.74,100.0
1727289376835,431.73,14.0
1727289376838,431.73,3.0
1727289376839,431.73,83.0
1727289376342,431.75,42.0
1727289376342,431.75,58.0
1727289376342,431.75,18.0
1727289376342,431.75,244.0
1727289376986,431.73,3.0
1727289376349,431.74,100.0
1727289376342,431.75,42.0
1727289376342,431.75,58.0
1727289376342,431.75,18.0
1727289376342,431.75,244.0
1727289376349,431.74,100.0
1727289376395,431.7012,1.0
1727289376986,431.73,3.0
1727289376395,431.7012,1.0
1727289376835,431.73,14.0
1727289376838,431.73,3.0
1727289376839,431.73,83.0
1727289376461,431.73,5.0
1727289376461,431.73,5.0
1727289376519,431.7599,9.0
1727289376519,431.7599,9.0
1727289377694,431.775,1.0
1727289377166,431.73,100.0
1727289377694,431.775,1.0
1727289377757,431.765,1.0
1727289377757,431.765,1.0
1727289376648,431.74,1.0
1727289376648,431.74,1.0
1727289377166,431.73,100.0
1727289377175,431.76,100.0
1727289377175,431.76,39.0
1727289377175,431.76,100.0
1727289377175,431.76,61.0
1727289377175,431.76,100.0
1727289377175,431.76,39.0
1727289377175,431.76,100.0
1727289377175,431.76,61.0
1727289377179,431.76,1.0
1727289377179,431.76,100.0
1727289378206,431.78,10.0
1727289378206,431.78,10.0
1727289377180,431.77,6.0
1727289377180,431.77,1.0
1727289377181,431.77,5.0
1727289377181,431.77,50.0
1727289377181,431.78,1.0
1727289377181,431.78,1.0
1727289377181,431.78,1.0
1727289377184,431.78,45.0
1727289377188,431.77,1.0
1727289377179,431.76,1.0
1727289377179,431.76,100.0
1727289377190,431.79,1.0
1727289377191,431.76,7.0
1727289377191,431.76,4.0
1727289378428,431.8099,1.0
1727289378428,431.8099,1.0
1727289377196,431.78,7.0
1727289377196,431.78,7.0
1727289377196,431.78,17.0
1727289377196,431.78,6.0
1727289377197,431.79,1.0
1727289377180,431.77,6.0
1727289377180,431.77,1.0
1727289377181,431.77,5.0
1727289377181,431.77,50.0
1727289377181,431.78,1.0
1727289377181,431.78,1.0
1727289377181,431.78,1.0
1727289377184,431.78,45.0
1727289377188,431.77,1.0
1727289377190,431.79,1.0
1727289377200,431.74,1.0
1727289379404,431.75,2.0
1727289379411,431.75,5.0
1727289378561,431.785,1.0
1727289379404,431.75,2.0
1727289378561,431.785,1.0
1727289379089,431.76,100.0
1727289379089,431.76,42.0
1727289379089,431.76,10.0
1727289379089,431.76,100.0
1727289379089,431.76,8.0
1727289379089,431.75,45.0
1727289379089,431.76,200.0
1727289379090,431.75,1.0
1727289379411,431.75,5.0
1727289379089,431.76,100.0
1727289379089,431.76,42.0
1727289379089,431.76,10.0
1727289379089,431.76,100.0
1727289379089,431.76,8.0
1727289379089,431.75,45.0
1727289379089,431.76,200.0
1727289379090,431.75,1.0
1727289377191,431.76,7.0
1727289377191,431.76,4.0
1727289379972,431.7212,1.0
1727289377196,431.78,7.0
1727289377196,431.78,7.0
1727289377196,431.78,17.0
1727289377196,431.78,6.0
1727289377197,431.79,1.0
1727289379972,431.7212,1.0
1727289380007,431.75,17.0
1727289380008,431.75,100.0
1727289380008,431.75,100.0
1727289380007,431.75,17.0
1727289380008,431.75,100.0
1727289380008,431.75,100.0
1727289377200,431.74,1.0
1727289380052,431.75,58.0
1727289380052,431.75,58.0
1727289380090,431.75,59.0
1727289380090,431.75,59.0
1727289380180,431.75,10.0
1727289380180,431.75,10.0
1727289380363,431.75,100.0
1727289380363,431.75,100.0
1727289380363,431.75,100.0
1727289380363,431.75,100.0
1727289380363,431.75,100.0
1727289380363,431.75,100.0
1727289381321,431.75,1.0
1727289381321,431.75,1.0
1727289381584,431.75,70.0
1727289381584,431.75,70.0
1727289381711,431.74,4.0
1727289381711,431.73,12.0
1727289381711,431.72,14.0
1727289381711,431.74,4.0
1727289381725,431.745,1.0
1727289381711,431.73,12.0
1727289381711,431.72,14.0
1727289381725,431.745,1.0
1727289381819,431.7463,10.0
1727289381819,431.746348,10.0
1727289382650,431.72,1.0
1727289382652,431.6776,3.0
1727289382657,431.6776,3.0
1727289382661,431.6776,1.0
1727289382650,431.72,1.0
1727289382652,431.6776,3.0
1727289382657,431.6776,3.0
1727289382661,431.6776,1.0
1727289383152,431.7332,2.0
1727289383152,431.7332,2.0
1727289383023,431.75,1.0
1727289383023,431.75,1.0
1727289383211,431.72,45.0
1727289383211,431.72,45.0
1727289383211,431.72,44.0
1727289383211,431.72,100.0
1727289383211,431.72,23.0
1727289383211,431.72,18.0
1727289383211,431.72,46.0
1727289383211,431.72,13.0
1727289383211,431.72,61.0
1727289383211,431.72,39.0
1727289383211,431.72,61.0
1727289383211,431.72,82.0
1727289383211,431.72,15.0
1727289383211,431.72,13.0
1727289383211,431.72,100.0
1727289383212,431.72,3.0
1727289383212,431.72,1.0
1727289383212,431.72,86.0
1727289383213,431.72,1.0
1727289383213,431.72,1.0
1727289383218,431.72,51.0
1727289383211,431.72,44.0
1727289383211,431.72,100.0
1727289383211,431.72,23.0
1727289383211,431.72,18.0
1727289383211,431.72,46.0
1727289383211,431.72,13.0
1727289383211,431.72,61.0
1727289383211,431.72,39.0
1727289383211,431.72,61.0
1727289383211,431.72,82.0
1727289383211,431.72,15.0
1727289383211,431.72,100.0
1727289383211,431.72,13.0
1727289383212,431.72,3.0
1727289383212,431.72,1.0
1727289383212,431.72,86.0
1727289383213,431.72,1.0
1727289383213,431.72,1.0
1727289383218,431.72,51.0
1727289383303,431.75,1.0
1727289383303,431.75,1.0
1727289384226,431.745,335.0
1727289384257,431.77,7.0
1727289384257,431.77,7.0
1727289384226,431.745,335.0
1727289383645,431.745,3.0
1727289383646,431.745,7.0
1727289383652,431.72,9.0
1727289383645,431.745,3.0
1727289383659,431.72,1.0
1727289383646,431.745,7.0
1727289383652,431.72,9.0
1727289383659,431.72,1.0
1727289383684,431.7621,200.0
1727289383684,431.7621,200.0
1727289384022,431.745,28.0
1727289384022,431.745,28.0
1727289384023,431.745,1.0
1727289384023,431.745,1.0
1727289384706,431.7201,33.0
1727289384706,431.7201,33.0
1727289387729,431.74,18.0
1727289387729,431.74,18.0
1727289388772,431.77,3.0
1727289388772,431.77,3.0
1727289388910,431.745,85.0
1727289388910,431.745,85.0
1727289389464,431.74,4.0
1727289389464,431.74,4.0
1727289389004,431.722,30.0
1727289389505,431.74,4.0
1727289389505,431.74,4.0
1727289389004,431.722,30.0
1727289389046,431.74,100.0
1727289389046,431.74,100.0
1727289389046,431.74,100.0
1727289389046,431.74,100.0
1727289389170,431.72,11.0
1727289389170,431.72,11.0
1727289389195,431.74,1.0
1727289389195,431.74,1.0
1727289389974,431.74,5.0
1727289389974,431.74,5.0
1727289389983,431.74,37.0
1727289389983,431.74,37.0
1727289390365,431.7206,16.0
1727289390365,431.7206,16.0
1727289390511,431.74,9.0
1727289390511,431.74,9.0
1727289390713,431.74,2.0
1727289390713,431.74,2.0
1727289391387,431.76,210.0
1727289391387,431.76,210.0
1727289391413,431.74,3.0
1727289391413,431.74,3.0
1727289391670,431.74,1.0
1727289391670,431.74,1.0
1727289391957,431.745,12.0
1727289391957,431.745,12.0
1727289392151,431.7321,7.0
1727289392151,431.7321,7.0
1727289392822,431.748,46.0
1727289392822,431.748041,46.0
1727289393057,431.745,1.0
1727289393057,431.745,1.0
1727289393066,431.7325,4.0
1727289393066,431.7325,4.0
1727289393152,431.745,1.0
1727289393152,431.745,1.0
1727289393947,431.745,1.0
1727289393947,431.745,1.0
1727289393991,431.6859,1.0
1727289393991,431.6859,1.0
1727289394627,431.7573,7.0
1727289394627,431.7573,7.0
1727289395130,431.7325,1.0
1727289395130,431.7325,1.0
1727289395213,431.745,3.0
1727289395213,431.745,3.0
1727289395220,431.76,21.0
1727289395220,431.77,42.0
1727289395220,431.76,11.0
1727289395224,431.75,40.0
1727289395228,431.75,60.0
1727289395220,431.76,21.0
1727289395220,431.76,11.0
1727289395220,431.77,42.0
1727289395224,431.75,40.0
1727289395228,431.75,60.0
1727289395302,431.7688,1.0
1727289395302,431.7688,1.0
1727289395376,431.6865,3.0
1727289395376,431.6865,3.0
1727289395645,431.755,100.0
1727289395645,431.755,100.0
1727289396451,431.755,40.0
1727289396451,431.755,40.0
1727289396467,431.7789,2.0
1727289396467,431.7789,2.0
1727289396590,431.78,21.0
1727289396590,431.78,65.0
1727289396590,431.78,35.0
1727289396590,431.78,3.0
1727289396590,431.78,35.0
1727289396590,431.78,18.0
1727289396590,431.76,100.0
1727289396590,431.78,35.0
1727289396590,431.78,9.0
1727289396590,431.8,1.0
1727289396590,431.78,21.0
1727289396590,431.78,65.0
1727289396590,431.78,35.0
1727289396590,431.78,3.0
1727289396590,431.78,35.0
1727289396590,431.78,18.0
1727289396590,431.76,100.0
1727289396590,431.78,35.0
1727289396590,431.78,9.0
1727289396590,431.8,1.0
1727289397364,431.6781,18.0
1727289397374,431.775,1.0
1727289397364,431.6781,18.0
1727289397374,431.775,1.0
1727289397578,431.7579,70.0
1727289397578,431.7579,70.0
1727289397652,431.6886,3.0
1727289397652,431.6886,3.0
1727289397717,431.6542,800.0
1727289397717,431.6542,800.0
1727289397758,431.775,2.0
1727289397758,431.775,2.0
1727289398642,431.79,1.0
1727289398642,431.79,1.0
1727289398877,431.7512,1.0
1727289399042,431.775,1.0
1727289398877,431.7512,1.0
1727289399042,431.775,1.0
1727289399830,431.6887,1.0
1727289399830,431.6887,1.0
1727289399899,431.7988,1.0
1727289399899,431.7988,1.0
1727289401142,431.77,1.0
1727289401142,431.77,1.0
1727289402023,431.787,20.0
1727289402023,431.787,20.0
1727289402303,431.75,1.0
1727289402303,431.75,1.0
1727289403876,431.7401,2.0
1727289403876,431.7401,2.0
1727289403945,431.788,1.0
1727289403945,431.788,1.0
1727289404501,431.7593,1.0
1727289404501,431.7593,1.0
1727289404512,431.7593,1.0
1727289404512,431.7593,1.0
1727289404734,431.6892,1.0
1727289404734,431.6892,1.0
1727289405478,431.7995,30.0
1727289405478,431.7995,30.0
1727289406285,431.7523,10.0
1727289406285,431.7523,10.0
1727289407757,431.77,2.0
1727289407757,431.77,2.0
1727289473637,431.8,55.0
1727289473637,431.8,45.0
1727289473638,431.81,50.0
1727289473638,431.81,100.0
1727289473638,431.81,2.0
1727289473638,431.81,36.0
1727289473638,431.82,10.0
1727289473639,431.82,10.0
1727289473639,431.82,90.0
1727289473639,431.82,5.0
1727289473640,431.82,2.0
1727289473762,431.82,18.0
1727289473762,431.8,40.0
1727289473762,431.8,30.0
1727289473762,431.79,6.0
1727289473762,431.82,18.0
1727289473762,431.8,40.0
1727289473762,431.8,30.0
1727289473762,431.79,6.0
1727289473800,431.77,25.0
1727289473809,431.78,42.0
1727289473809,431.77,200.0
1727289473809,431.77,50.0
1727289473809,431.77,27.0
1727289473810,431.78,2.0
1727289473800,431.77,25.0
1727289473809,431.77,200.0
1727289473809,431.78,42.0
1727289473809,431.77,50.0
1727289473809,431.77,27.0
1727289473810,431.78,2.0
1727289474394,431.7999,1.0
1727289474394,431.7999,1.0
1727289474424,431.76,100.0
1727289474424,431.76,100.0
1727289474597,431.7201,240.0
1727289474597,431.7201,240.0
1727289476156,431.73,2.0
1727289476156,431.73,18.0
1727289476156,431.72,1.0
1727289476156,431.72,1.0
1727289476156,431.72,2.0
1727289476156,431.72,50.0
1727289476156,431.72,16.0
1727289476157,431.74,42.0
1727289476159,431.73,5.0
1727289475327,431.7496,3.0
1727289475327,431.7496,6.0
1727289475327,431.7496,3.0
1727289475327,431.7496,6.0
1727289476193,431.75,1.0
1727289476194,431.77,24.0
1727289476194,431.77,2.0
1727289476194,431.77,4.0
1727289476224,431.7579,9.0
1727289476193,431.75,1.0
1727289476194,431.77,24.0
1727289476194,431.77,2.0
1727289476194,431.77,4.0
1727289476224,431.7579,9.0
1727289476072,431.74,20.0
1727289476072,431.74,20.0
1727289476156,431.74,10.0
1727289476156,431.73,2.0
1727289476156,431.73,18.0
1727289476156,431.72,1.0
1727289476156,431.72,1.0
1727289476156,431.72,2.0
1727289476156,431.72,50.0
1727289476156,431.72,16.0
1727289476157,431.74,42.0
1727289476159,431.73,5.0
1727289476156,431.74,10.0
1727289476377,431.74,30.0
1727289476377,431.74,30.0
1727289476573,431.72,200.0
1727289476573,431.72,200.0
1727289477258,431.73,5.0
1727289477258,431.73,5.0
1727289476827,431.71,100.0
1727289476827,431.71,40.0
1727289476827,431.71,100.0
1727289476827,431.71,40.0
1727289476842,431.71,100.0
1727289476843,431.72,25.0
1727289476843,431.71,25.0
1727289476842,431.71,100.0
1727289476843,431.72,25.0
1727289476843,431.71,25.0
1727289476955,431.7202,7.0
1727289476955,431.7202,7.0
1727289477320,431.72,20.0
1727289477326,431.7,40.0
1727289477320,431.72,20.0
1727289477334,431.71,30.0
1727289477334,431.7,100.0
1727289477334,431.7,100.0
1727289477334,431.7,50.0
1727289477334,431.7,20.0
1727289477335,431.72,1.0
1727289477335,431.72,39.0
1727289477335,431.73,3.0
1727289477335,431.73,27.0
1727289477335,431.72,1.0
1727289477326,431.7,40.0
1727289477334,431.71,30.0
1727289477334,431.7,100.0
1727289477334,431.7,100.0
1727289477334,431.7,50.0
1727289477334,431.7,20.0
1727289477335,431.72,1.0
1727289477335,431.72,39.0
1727289477335,431.73,3.0
1727289477335,431.73,27.0
1727289477335,431.72,1.0
1727289477477,431.725,28.0
1727289477477,431.725,28.0
1727289477577,431.69,40.0
1727289477581,431.69,6.0
1727289477581,431.69,94.0
1727289477582,431.69,2.0
1727289477577,431.69,40.0
1727289477581,431.69,6.0
1727289477581,431.69,94.0
1727289477582,431.69,2.0
1727289477828,431.68,40.0
1727289477836,431.7,80.0
1727289477836,431.69,1.0
1727289477836,431.69,2.0
1727289477836,431.68,50.0
1727289477836,431.68,67.0
1727289477837,431.7,7.0
1727289477837,431.7,21.0
1727289477828,431.68,40.0
1727289477840,431.69,4.0
1727289477836,431.7,80.0
1727289477836,431.69,1.0
1727289477836,431.69,2.0
1727289477836,431.68,50.0
1727289477836,431.68,67.0
1727289477837,431.7,7.0
1727289477837,431.7,21.0
1727289477840,431.69,4.0
1727289477852,431.7382,16.0
1727289477852,431.738232,16.0
1727289477988,431.705,1.0
1727289477988,431.705,1.0
1727289478336,431.7474,1.0
1727289478336,431.7474,1.0
1727289478601,431.7399,1.0
1727289478601,431.7399,1.0
1727289478724,431.6712,1.0
1727289478724,431.6712,1.0
1727289478984,431.705,3.0
1727289478985,431.705,5.0
1727289478984,431.705,3.0
1727289478985,431.705,5.0
1727289479027,431.705,3.0
1727289479027,431.705,3.0
1727289479114,431.73,11.0
1727289479117,431.74,45.0
1727289479114,431.73,11.0
1727289479117,431.74,45.0
1727289479373,431.705,40.0
1727289479364,431.6872,200.0
1727289479373,431.705,40.0
1727289479364,431.6872,200.0
1727289479854,431.6981,8.0
1727289479854,431.69814,8.0
1727289480028,431.73,10.0
1727289480028,431.73,34.0
1727289480028,431.73,17.0
1727289480028,431.73,10.0
1727289480028,431.73,34.0
1727289480028,431.73,17.0
1727289480188,431.715,27.0
1727289480191,431.72,5.0
1727289480192,431.7,1.0
1727289480188,431.715,27.0
1727289480191,431.72,5.0
1727289480192,431.7,1.0
1727289480218,431.715,1.0
1727289480218,431.715,1.0
1727289480428,431.73,1.0
1727289480428,431.73,1.0
1727289480464,431.715,30.0
1727289480464,431.715,30.0
1727289480618,431.7064,1.0
1727289480618,431.7064,1.0
1727289480857,431.7,2.0
1727289480857,431.7,2.0
1727289481728,431.7107,10.0
1727289481276,431.7288,1.0
1727289481276,431.7288,1.0
1727289481276,431.7288,1.0
1727289481276,431.7288,1.0
1727289481500,431.715,3.0
1727289481500,431.715,3.0
1727289481582,431.715,1.0
1727289481582,431.715,1.0
1727289481728,431.7107,10.0
1727289481788,431.715,40.0
1727289481788,431.715,40.0
1727289481847,431.7143,1.0
1727289481847,431.7143,1.0
1727289481993,431.715,1.0
1727289481993,431.715,1.0
1727289482337,431.73,4.0
1727289482337,431.73,4.0
1727289482355,431.715,1.0
1727289482355,431.715,1.0
1727289482963,431.7107,18.0
1727289482963,431.7107,18.0
1727289483004,431.7191,3.0
1727289483004,431.7191,3.0
1727289483691,431.7504,4.0
1727289483691,431.7504,4.0
1727289483960,431.73,96.0
1727289483960,431.73,10.0
1727289483970,431.7119,1157.0
1727289483960,431.73,96.0
1727289483960,431.73,10.0
1727289483975,431.73,45.0
1727289483970,431.7119,1157.0
1727289483986,431.725,100.0
1727289483975,431.73,45.0
1727289483986,431.725,100.0
1727289484243,431.71,1.0
1727289484243,431.71,1.0
1727289484511,431.71,5.0
1727289484511,431.71,5.0
1727289484775,431.715,40.0
1727289484775,431.715,40.0
1727289484884,431.7192,1.0
1727289484884,431.7192,1.0
1727289485204,431.715,75.0
1727289485204,431.715,75.0
1727289485497,431.73,100.0
1727289485497,431.73,100.0
1727289485497,431.73,5.0
1727289485497,431.73,52.0
1727289485497,431.73,20.0
1727289485505,431.74,7.0
1727289485497,431.73,100.0
1727289485497,431.73,100.0
1727289485497,431.73,5.0
1727289485497,431.73,52.0
1727289485497,431.73,20.0
1727289485505,431.74,7.0
1727289485925,431.73,38.0
1727289485925,431.73,44.0
1727289485925,431.73,1.0
1727289485925,431.73,6.0
1727289485925,431.73,109.0
1727289485926,431.73,1.0
1727289485929,431.725,1.0
1727289485925,431.73,38.0
1727289485925,431.73,44.0
1727289485925,431.73,1.0
1727289485925,431.73,6.0
1727289485925,431.73,109.0
1727289485926,431.73,1.0
1727289485929,431.725,1.0
1727289486233,431.75,1.0
1727289486233,431.75,1.0
1727289486473,431.725,25.0
1727289486473,431.725,25.0
1727289486881,431.7,20.0
1727289486886,431.705,100.0
1727289486886,431.705,150.0
1727289486881,431.7,20.0
1727289486886,431.705,100.0
1727289486886,431.705,150.0
1727289486897,431.71,10.0
1727289486897,431.7,5.0
1727289486897,431.7,50.0
1727289486897,431.71,10.0
1727289486897,431.7,5.0
1727289486897,431.7,50.0
1727289488388,431.725,30.0
1727289488388,431.725,30.0
1727289489123,431.7,3.0
1727289489123,431.7,3.0
1727289490223,431.74,25.0
1727289490223,431.74,25.0
1727289489818,431.725,50.0
1727289489818,431.725,50.0
1727289490383,431.7502,2.0
1727289490383,431.7502,2.0
1727289490686,431.74,4.0
1727289490686,431.74,4.0
1727289490687,431.74,4.0
1727289490686,431.74,4.0
1727289490686,431.74,4.0
1727289490687,431.74,4.0
1727289493004,431.725,1.0
1727289493004,431.725,1.0
1727289493249,431.7212,60.0
1727289493249,431.7212,60.0
1727289493427,431.7,3.0
1727289493436,431.7545,2.0
1727289493427,431.7,3.0
1727289493436,431.7545,2.0
1727289493554,431.725,40.0
1727289493554,431.725,40.0
1727289493667,431.7,20.0
1727289493676,431.7,100.0
1727289493667,431.7,20.0
1727289493677,431.7,1.0
1727289493680,431.72,1.0
1727289493676,431.7,100.0
1727289493677,431.7,1.0
1727289493680,431.72,1.0
1727289493813,431.704,2.0
1727289493813,431.704,2.0
1727289494047,431.7,2.0
1727289494047,431.7,2.0
1727289494319,431.698,2.0
1727289494319,431.698,2.0
1727289494401,431.7,5.0
1727289494401,431.7,5.0
1727289494564,431.7,10.0
1727289494564,431.7,10.0
1727289495222,431.72,1.0
1727289495222,431.72,1.0
1727289495394,431.7561,1.0
1727289495394,431.7561,1.0
1727289495548,431.741,1.0
1727289495548,431.741,1.0
1727289495821,431.7562,2.0
1727289495821,431.7562,2.0
1727289496038,431.72,5.0
1727289496038,431.72,5.0
1727289496102,431.7488,1.0
1727289496102,431.7488,1.0
1727289496130,431.69,1.0
1727289496258,431.7567,2.0
1727289496261,431.72,8.0
1727289496262,431.72,16.0
1727289496130,431.69,1.0
1727289496258,431.7567,2.0
1727289496261,431.72,8.0
1727289496262,431.72,16.0
1727289496494,431.72,1.0
1727289496494,431.72,29.0
1727289496494,431.72,1.0
1727289496494,431.72,29.0
1727289497709,431.72,50.0
1727289497757,431.72,1.0
1727289497757,431.72,1.0
1727289497758,431.72,1.0
1727289497757,431.72,1.0
1727289497757,431.72,1.0
1727289497758,431.72,1.0
1727289498429,431.72,50.0
1727289498429,431.72,50.0
1727289497656,431.7428,1.0
1727289497656,431.7428,1.0
1727289497709,431.72,50.0
1727289498337,431.7039,1.0
1727289498337,431.7039,1.0
1727289497070,431.7047,100.0
1727289497070,431.7047,100.0
1727289497295,431.7139,1.0
1727289497298,431.7139,1.0
1727289497295,431.7139,1.0
1727289497298,431.7139,1.0
1727289498667,431.71,5.0
1727289498667,431.71,5.0
1727289499217,431.74,6.0
1727289499217,431.74,6.0
1727289499231,431.75,100.0
1727289499231,431.74,78.0
1727289499232,431.75,100.0
1727289499232,431.75,11.0
1727289499231,431.75,100.0
1727289499231,431.74,78.0
1727289499232,431.75,100.0
1727289499232,431.75,11.0
1727289499433,431.758,1.0
1727289499433,431.758,1.0
1727289499448,431.7,20.0
1727289499448,431.7,20.0
1727289499458,431.7,100.0
1727289499458,431.7,100.0
1727289500081,431.69,77.0
1727289500081,431.7,23.0
1727289500088,431.6801,28.0
1727289500081,431.69,77.0
1727289500081,431.7,23.0
1727289500088,431.6801,28.0
1727289500117,431.7569,2.0
1727289500123,431.7569,2.0
1727289500124,431.7569,1.0
1727289500117,431.7569,2.0
1727289500123,431.7569,2.0
1727289500124,431.7569,1.0
1727289500208,431.7488,1.0
1727289500208,431.7488,1.0
1727289501559,431.71,20.0
1727289501559,431.71,20.0
1727289501672,431.75,9.0
1727289501672,431.75,9.0
1727289501690,431.6947,1.0
1727289501690,431.6947,1.0
1727289501731,431.6947,2.0
1727289501731,431.6947,2.0
1727289502720,431.6801,1.0
1727289501879,431.7573,2.0
1727289501879,431.7573,2.0
1727289502720,431.6801,1.0
1727289502475,431.75,1.0
1727289502475,431.75,1.0
1727289502595,431.715,2.0
1727289502595,431.715,2.0
1727289503770,431.7313,14.0
1727289503770,431.7313,14.0
1727289504761,431.7,50.0
1727289504761,431.7,50.0
1727289504577,431.67,1.0
1727289504577,431.67,1.0
1727289504722,431.7,10.0
1727289504722,431.7,10.0
1727289505250,431.7,10.0
1727289505250,431.7,10.0
1727289505337,431.7059,4.0
1727289505337,431.7059,4.0
1727289506008,431.7048,1.0
1727289506008,431.7048,1.0
1727289506045,431.69,18.0
1727289506045,431.69,5.0
1727289506045,431.69,18.0
1727289506056,431.695,4.0
1727289506045,431.69,5.0
1727289506056,431.695,4.0
1727289506389,431.6746,2.0
1727289506389,431.6746,2.0
1727289506992,431.69,1.0
1727289506992,431.69,1.0
1727289506579,431.6829,10.0
1727289506579,431.6829,10.0
1727289506740,431.6829,1.0
1727289506740,431.6829,1.0
1727289507918,431.683,12.0
1727289507918,431.683,12.0
1727289508287,431.69,7.0
1727289508287,431.69,7.0
1727289508864,431.7,50.0
1727289508865,431.7,50.0
1727289508866,431.7,50.0
1727289508864,431.7,50.0
1727289508865,431.7,50.0
1727289508866,431.7,50.0
1727289510038,431.7,70.0
1727289510038,431.7,70.0
1727289509508,431.7161,12.0
1727289509508,431.7161,12.0
1727289509942,431.694,15.0
1727289509942,431.694,15.0
1727289511252,431.71,5.0
1727289511252,431.72,6.0
1727289511252,431.71,5.0
1727289511252,431.72,6.0
1727289511991,431.7,1.0
1727289511991,431.7,1.0
1727289512312,431.6915,1.0
1727289512312,431.6915,1.0
1727289512424,431.68,380.0
1727289512424,431.68,380.0
1727289512562,431.7,1.0
1727289512562,431.7,1.0
1727289513038,431.7,1.0
1727289513038,431.7,1.0
1727289514107,431.6941,20.0
1727289514107,431.6941,20.0
1727289515337,431.68,5.0
1727289515337,431.68,5.0
1727289515520,431.6946,10.0
1727289515520,431.6946,10.0
1727289515558,431.68,1.0
1727289515558,431.68,1.0
1727289515611,431.7,222.0
1727289515611,431.7,222.0
1727289515668,431.6916,1.0
1727289515668,431.6916,1.0
1727289516733,431.71,12.0
1727289516733,431.72,100.0
1727289516733,431.73,50.0
1727289516734,431.73,5.0
1727289516734,431.72,100.0
1727289516733,431.71,12.0
1727289516733,431.72,100.0
1727289516733,431.73,50.0
1727289516734,431.73,5.0
1727289516734,431.72,100.0
1727289516786,431.7,20.0
1727289516793,431.7,100.0
1727289516793,431.7,43.0
1727289516793,431.7,57.0
1727289516786,431.7,20.0
1727289516793,431.7,100.0
1727289516793,431.7,43.0
1727289516793,431.7,57.0
1727289516830,431.7,9.0
1727289516830,431.7,9.0
1727289517001,431.725,1.0
1727289517001,431.725,1.0
1727289517041,431.7,34.0
1727289517041,431.7,100.0
1727289517041,431.69,66.0
1727289517041,431.7,34.0
1727289517041,431.7,100.0
1727289517041,431.69,66.0
1727289517593,431.7355,1.0
1727289517593,431.7355,1.0
1727289517660,431.754,2.0
1727289517660,431.754,2.0
1727289517795,431.7,5.0
1727289517795,431.7,5.0
1727289517933,431.6804,9.0
1727289517933,431.6804,9.0
1727289518109,431.709,7.0
1727289518109,431.709,7.0
1727289518974,431.6801,93.0
1727289518974,431.6801,93.0
1727289519320,431.7,8.0
1727289519320,431.7,8.0
1727289519550,431.68,20.0
1727289519550,431.68,20.0
1727289519562,431.68,2.0
1727289519562,431.68,5.0
1727289519562,431.67,100.0
1727289519562,431.67,5.0
1727289519562,431.67,88.0
1727289519563,431.7,1.0
1727289519563,431.7,29.0
1727289519563,431.68,2.0
1727289519571,431.68,5.0
1727289519574,431.68,5.0
1727289519562,431.68,2.0
1727289519562,431.68,5.0
1727289519562,431.67,100.0
1727289519562,431.67,5.0
1727289519562,431.67,88.0
1727289519563,431.7,1.0
1727289519563,431.7,29.0
1727289519563,431.68,2.0
1727289519571,431.68,5.0
1727289519574,431.68,5.0
1727289519621,431.68,30.0
1727289519621,431.68,1.0
1727289519621,431.68,5.0
1727289519621,431.6773,20.0
1727289519621,431.68,30.0
1727289519621,431.68,1.0
1727289519621,431.68,5.0
1727289519621,431.6773,20.0
1727289519799,431.65,100.0
1727289519799,431.66,35.0
1727289519800,431.65,100.0
1727289519799,431.65,100.0
1727289519799,431.66,35.0
1727289519800,431.65,100.0
1727289519833,431.7511,2.0
1727289519833,431.7511,2.0
1727289519892,431.65,16.0
1727289519892,431.65,100.0
1727289519893,431.64,6.0
1727289519893,431.64,39.0
1727289519894,431.6503,20.0
1727289519892,431.65,16.0
1727289519892,431.65,100.0
1727289519901,431.7501,1.0
1727289519893,431.64,6.0
1727289519893,431.64,39.0
1727289519894,431.6503,20.0
1727289519901,431.7501,1.0
1727289519916,431.63,1.0
1727289519916,431.63,1.0
1727289519916,431.65,200.0
1727289519916,431.63,6.0
1727289519920,431.64,74.0
1727289519916,431.63,1.0
1727289519916,431.63,1.0
1727289519916,431.65,200.0
1727289519916,431.63,6.0
1727289519920,431.64,74.0
1727289519972,431.64,1.0
1727289519972,431.64,1.0
1727289520058,431.62,2.0
1727289520058,431.61,3.0
1727289520058,431.61,1.0
1727289520058,431.61,100.0
1727289520058,431.61,94.0
1727289520059,431.61,6.0
1727289520059,431.62,1.0
1727289520059,431.6384,22.0
1727289520058,431.62,2.0
1727289520058,431.61,3.0
1727289520058,431.61,1.0
1727289520058,431.61,100.0
1727289520058,431.61,94.0
1727289520059,431.61,6.0
1727289520059,431.62,1.0
1727289520059,431.6384,22.0
1727289520081,431.65,25.0
1727289520081,431.65,25.0
1727289520528,431.61,1.0
1727289520528,431.61,1.0
1727289521257,431.62,100.0
1727289521508,431.7236,1.0
1727289521508,431.7236,1.0
1727289521257,431.62,100.0
1727289521337,431.62,30.0
1727289521337,431.62,30.0
1727289522125,431.61,100.0
1727289522125,431.6,1.0
1727289522125,431.6,1.0
1727289522125,431.6,16.0
1727289522125,431.6,63.0
1727289522125,431.6,100.0
1727289522125,431.6,37.0
1727289522126,431.6134,22.0
1727289522126,431.6,1.0
1727289522125,431.61,100.0
1727289522125,431.6,1.0
1727289522125,431.6,1.0
1727289522125,431.6,16.0
1727289522125,431.6,63.0
1727289522125,431.6,100.0
1727289522125,431.6,37.0
1727289522126,431.6134,22.0
1727289522143,431.59,1.0
1727289522126,431.6,1.0
1727289522143,431.59,1.0
1727289522181,431.58,1.0
1727289522181,431.58,2.0
1727289522181,431.58,100.0
1727289522181,431.58,2.0
1727289522181,431.58,1.0
1727289522181,431.58,2.0
1727289522181,431.58,100.0
1727289522181,431.58,2.0
1727289522283,431.59,20.0
1727289522283,431.59,20.0
1727289522309,431.59,9.0
1727289522309,431.59,9.0
1727289522413,431.57,1.0
1727289522413,431.57,4.0
1727289522413,431.57,87.0
1727289522413,431.57,33.0
1727289522413,431.57,13.0
1727289522414,431.57,10.0
1727289522414,431.5845,20.0
1727289522413,431.57,1.0
1727289522413,431.57,4.0
1727289522413,431.57,87.0
1727289522413,431.57,33.0
1727289522413,431.57,13.0
1727289522414,431.57,10.0
1727289522414,431.5845,20.0
1727289522580,431.56,10.0
1727289522580,431.56,10.0
1727289522580,431.55,1.0
1727289522580,431.56,2.0
1727289522580,431.54,99.0
1727289522580,431.54,100.0
1727289522583,431.56,100.0
1727289522583,431.56,14.0
1727289522817,431.54,20.0
1727289522580,431.56,10.0
1727289522580,431.56,10.0
1727289522580,431.55,1.0
1727289522580,431.56,2.0
1727289522580,431.54,99.0
1727289522580,431.54,100.0
1727289522583,431.56,100.0
1727289522583,431.56,14.0
1727289522824,431.545,50.0
1727289522817,431.54,20.0
1727289522832,431.56,100.0
1727289522832,431.55,40.0
1727289522832,431.53,1.0
1727289522832,431.53,1.0
1727289522832,431.53,2.0
1727289522832,431.53,56.0
1727289522837,431.53,1.0
1727289522824,431.545,50.0
1727289522837,431.53,99.0
1727289522832,431.56,100.0
1727289522832,431.55,40.0
1727289522832,431.53,1.0
1727289522832,431.53,1.0
1727289522832,431.53,2.0
1727289522832,431.53,56.0
1727289522837,431.53,1.0
1727289522837,431.53,99.0
1727289523960,431.5416,5.0
1727289523960,431.5416,5.0
1727289522969,431.54,12.0
1727289522969,431.54,12.0
1727289522979,431.55,12.0
1727289522979,431.55,12.0
1727289524082,431.52,20.0
1727289524082,431.52,20.0
1727289524093,431.52,2.0
1727289524093,431.52,31.0
1727289524093,431.5,1.0
1727289524093,431.5,100.0
1727289524093,431.5,13.0
1727289524093,431.5,3.0
1727289524093,431.51,1.0
1727289524094,431.53,1.0
1727289524094,431.52,1.0
1727289524093,431.5,50.0
1727289524094,431.52,1.0
1727289524104,431.53,100.0
1727289524093,431.52,2.0
1727289524093,431.52,31.0
1727289524093,431.5,1.0
1727289524104,431.53,100.0
1727289524104,431.53,100.0
1727289524104,431.53,100.0
1727289524112,431.53,19.0
1727289524112,431.53,200.0
1727289524093,431.5,50.0
1727289524093,431.5,100.0
1727289524093,431.5,13.0
1727289524093,431.5,3.0
1727289524093,431.51,1.0
1727289524094,431.53,1.0
1727289524094,431.52,1.0
1727289524094,431.52,1.0
1727289524104,431.53,100.0
1727289524104,431.53,100.0
1727289524104,431.53,100.0
1727289524104,431.53,100.0
1727289524112,431.53,19.0
1727289524112,431.53,200.0
1727289524130,431.5005,100.0
1727289524130,431.5005,100.0
1727289524211,431.515,1.0
1727289524212,431.53,14.0
1727289524211,431.515,1.0
1727289524212,431.53,14.0
1727289524440,431.53,84.0
1727289524440,431.53,200.0
1727289524440,431.53,84.0
1727289524440,431.53,200.0
1727289524879,431.525,46.0
1727289524879,431.5,7.0
1727289524879,431.5,50.0
1727289524879,431.5,1.0
1727289524879,431.5,100.0
1727289524879,431.5,96.0
1727289524879,431.525,46.0
1727289524879,431.5,7.0
1727289524879,431.5,50.0
1727289524879,431.5,1.0
