timestamp(ms since Epoch),last price,volume
1727288870092,5.735,500.0
1727288870900,5.7308,20.0
1727288872101,5.73,17.0
1727288872101,5.73,100.0
1727288872101,5.73,100.0
1727288872101,5.73,5.0
1727288872101,5.73,11.0
1727288872101,5.73,100.0
1727288872101,5.73,100.0
1727288872101,5.73,200.0
1727288872102,5.73,100.0
1727288872102,5.73,619.0
1727288872103,5.73,200.0
1727288872103,5.73,17.0
1727288872103,5.73,383.0
1727288872273,5.73,100.0
1727288873466,5.7308,1.0
1727288875514,5.7388,11.0
1727288876024,5.7388,1.0
1727288877555,5.7312,1.0
1727288879629,5.7307,36.0
1727288879639,5.7307,1.0
1727288879707,5.735,50.0
1727288881370,5.735,100.0
1727288886161,5.73,100.0
1727288886161,5.73,11.0
1727288886161,5.73,89.0
1727288886162,5.73,100.0
1727288886349,5.73,17.0
1727288886665,5.73,100.0
1727288886684,5.73,2481.0
1727288888778,5.735,14.0
1727288889266,5.7364,10.0
1727288889314,5.74,34.0
1727288890541,5.735,100.0
1727288895470,5.73,990.0
1727288895475,5.73,17.0
1727288895475,5.73,83.0
1727288895615,5.73,339.0
1727288896636,5.731385,5000.0
1727288896639,5.73,64.0
1727288896639,5.73,36.0
1727288897095,5.7309,200.0
1727288899755,5.73,100.0
1727288901070,5.7361,349.0
1727288902043,5.73,9.0
1727288904096,5.73,800.0
1727288904096,5.73,11.0
1727288904096,5.73,11.0
1727288904097,5.73,17.0
1727288904097,5.73,72.0
1727288904097,5.73,389.0
1727288906337,5.735,100.0
1727288906343,5.73,17.0
1727288908439,5.73,100.0
1727288909077,5.73,100.0
1727288909078,5.73,100.0
1727288909306,5.73,16.0
1727288910765,5.73,100.0
1727288911422,5.7388,11.0
1727288911796,5.74,1.0
1727288911820,5.7388,1.0
1727288914177,5.7318,100.0
1727288914431,5.7304,2820.0
1727288914719,5.735,380.0
1727288915073,5.735,100.0
1727288915082,5.735,100.0
1727288916020,5.73,100.0
1727288916023,5.73,100.0
1727288916028,5.7307,331.0
1727288920843,5.735,1.0
1727288921983,5.7399,5226.0
1727288923904,5.735,100.0
1727288924054,5.7306,1000.0
1727288990914,5.73,100.0
1727288993695,5.735,400.0
1727288993696,5.73,500.0
1727288993697,5.73,11.0
1727288993697,5.73,11.0
1727288993698,5.73,291.0
1727288993697,5.73,16.0
1727288993697,5.73,73.0
1727288993722,5.74,1.0
1727288993722,5.7399,1.0
1727288998196,5.73,100.0
1727288998914,5.735,200.0
1727288999166,5.735,400.0
1727289001585,5.73,1800.0
1727289001589,5.735,200.0
1727289001590,5.735,400.0
1727289004845,5.7392,50.0
1727289004924,5.7308,10.0
1727289004932,5.7302,100.0
1727289006306,5.7323,100.0
1727289007180,5.7311,100.0
1727289011317,5.73,50.0
1727289015528,5.73,100.0
1727289016180,5.73,15.0
1727289016387,5.7308,100.0
1727289018261,5.73,100.0
1727289018270,5.73,16.0
1727289018270,5.73,11.0
1727289018270,5.73,5.0
1727289018270,5.73,21.0
1727289018270,5.73,120.0
1727289018271,5.73,11.0
1727289018271,5.73,100.0
1727289018271,5.73,200.0
1727289018271,5.73,400.0
1727289018271,5.73,559.0
1727289018271,5.73,21.0
1727289018271,5.73,15.0
1727289018271,5.73,53.0
1727289018271,5.73,492.0
1727289018271,5.73,80.0
1727289018271,5.73,500.0
1727289018271,5.73,20.0
1727289018271,5.73,100.0
1727289018272,5.73,23.0
1727289018272,5.73,67.0
1727289019183,5.73,100.0
1727289020420,5.73,77.0
1727289020420,5.73,23.0
1727289020440,5.73,100.0
1727289020809,5.7323,100.0
1727289021174,5.735,100.0
1727289021775,5.73,51.0
1727289021779,5.73,159.0
1727289021780,5.73,1.0
1727289021830,5.735,100.0
1727289023909,5.7368,10.0
1727289025405,5.736,100.0
1727289025567,5.7331,20.0
1727289027842,5.735,50.0
1727289031910,5.73,1.0
1727289031922,5.73,1.0
1727289032502,5.7303,2000.0
1727289032818,5.7368,2.0
1727289033212,5.7306,241.0
1727289037275,5.74,25.0
1727289037424,5.73,15.0
1727289037424,5.73,100.0
1727289037428,5.73,85.0
1727289039383,5.735,450.0
1727289040324,5.7317,100.0
1727289040467,5.7394,4.0
1727289106553,5.735,200.0
1727289112050,5.7305,64.0
1727289112172,5.735,100.0
1727289112030,5.735,100.0
1727289112030,5.735,300.0
1727289112030,5.73,1200.0
1727289114257,5.735,1000.0
1727289115573,5.735,100.0
1727289116007,5.735,4649.0
1727289116009,5.735,800.0
1727289116009,5.735,600.0
1727289116024,5.735,100.0
1727289116024,5.735,186.0
1727289116024,5.735,100.0
1727289116024,5.735,600.0
1727289116025,5.735,200.0
1727289116035,5.735,1860.0
1727289116036,5.735,1.0
1727289116036,5.735,300.0
1727289116036,5.735,100.0
1727289116036,5.735,100.0
1727289116036,5.735,100.0
1727289116036,5.735,400.0
1727289116036,5.735,100.0
1727289116037,5.735,100.0
1727289116037,5.735,100.0
1727289116037,5.735,300.0
1727289116037,5.735,100.0
1727289116086,5.735,387.0
1727289116915,5.735,200.0
1727289116916,5.735,100.0
1727289116917,5.74,100.0
1727289116501,5.74,200.0
1727289116501,5.74,60.0
1727289116501,5.735,100.0
1727289116501,5.735,1300.0
1727289116501,5.735,100.0
1727289116501,5.735,100.0
1727289116501,5.735,100.0
1727289116501,5.735,2100.0
1727289116501,5.735,1500.0
1727289116501,5.735,1400.0
1727289116501,5.735,100.0
1727289116501,5.74,100.0
1727289116501,5.74,220.0
1727289116501,5.74,100.0
1727289116501,5.74,42.0
1727289116501,5.74,300.0
1727289116501,5.735,400.0
1727289116501,5.735,100.0
1727289116501,5.74,80.0
1727289116501,5.735,200.0
1727289116501,5.735,100.0
1727289116501,5.735,1400.0
1727289116501,5.735,100.0
1727289116502,5.735,100.0
1727289116502,5.735,100.0
1727289116502,5.735,100.0
1727289116502,5.735,100.0
1727289116503,5.735,100.0
1727289116503,5.735,100.0
1727289116503,5.735,100.0
1727289116504,5.735,20.0
1727289116508,5.735,1500.0
1727289116511,5.735,1500.0
1727289116591,5.736,500.0
1727289116607,5.735,122.0
1727289116984,5.74,287.0
1727289116673,5.735,485.0
1727289116764,5.735,300.0
1727289116766,5.735,1400.0
1727289116766,5.735,100.0
1727289116766,5.735,100.0
1727289116766,5.735,100.0
1727289116767,5.74,100.0
1727289116767,5.74,251.0
1727289116767,5.74,241.0
1727289116768,5.74,100.0
1727289116768,5.74,100.0
1727289116768,5.74,100.0
1727289116772,5.74,400.0
1727289116773,5.74,287.0
1727289116773,5.74,100.0
1727289116773,5.74,1052.0
1727289116774,5.74,1400.0
1727289116774,5.74,100.0
1727289116774,5.74,2200.0
1727289116774,5.735,100.0
1727289116774,5.74,500.0
1727289116774,5.74,300.0
1727289116774,5.74,100.0
1727289116774,5.74,100.0
1727289116774,5.74,287.0
1727289116774,5.74,100.0
1727289116774,5.74,1052.0
1727289116774,5.74,100.0
1727289116774,5.74,200.0
1727289116774,5.74,300.0
1727289116774,5.74,200.0
1727289116774,5.74,4300.0
1727289116774,5.74,4500.0
1727289116774,5.74,180.0
1727289116774,5.735,80.0
1727289116774,5.74,120.0
1727289116774,5.74,100.0
1727289116774,5.735,100.0
1727289116774,5.74,100.0
1727289116775,5.74,700.0
1727289116775,5.735,120.0
1727289116775,5.735,1500.0
1727289116775,5.74,114900.0
1727289116775,5.74,23.0
1727289116775,5.74,100.0
1727289116775,5.74,1552.0
1727289116775,5.735,100.0
1727289116775,5.74,2400.0
1727289116775,5.74,600.0
1727289116775,5.74,500.0
1727289116775,5.74,104.0
1727289116775,5.74,780.0
1727289116775,5.74,56.0
1727289116775,5.74,100.0
1727289116775,5.74,301.0
1727289116775,5.74,300.0
1727289116775,5.74,200.0
1727289116775,5.74,100.0
1727289116775,5.74,100.0
1727289116775,5.74,100.0
1727289116775,5.74,8.0
1727289116775,5.74,100.0
1727289116775,5.74,100.0
1727289116775,5.74,1101.0
1727289116775,5.74,100.0
1727289116775,5.74,100.0
1727289116775,5.74,25.0
1727289116775,5.74,100.0
1727289116775,5.74,574.0
1727289116775,5.74,20900.0
1727289116775,5.74,170.0
1727289116775,5.74,200.0
1727289116775,5.74,100.0
1727289116775,5.74,5.0
1727289116775,5.74,20.0
1727289116775,5.74,100.0
1727289116775,5.74,5.0
1727289116775,5.74,900.0
1727289116775,5.74,100.0
1727289116775,5.74,1344.0
1727289116775,5.74,56.0
1727289116775,5.74,485.0
1727289116775,5.735,100.0
1727289116775,5.74,700.0
1727289116775,5.74,100.0
1727289116775,5.74,1000.0
1727289116775,5.74,200.0
1727289116775,5.74,2220.0
1727289116775,5.74,400.0
1727289116775,5.74,200.0
1727289116775,5.74,637.0
1727289116775,5.74,100.0
1727289116775,5.74,133.0
1727289116775,5.74,100.0
1727289116775,5.74,400.0
1727289116775,5.74,900.0
1727289116775,5.74,1492.0
1727289116775,5.74,38.0
1727289116775,5.74,100.0
1727289116775,5.74,300.0
1727289116775,5.74,200.0
1727289116775,5.74,17499.0
1727289116775,5.74,100.0
1727289116775,5.74,100.0
1727289116775,5.735,5.0
1727289116775,5.74,200.0
1727289116775,5.74,100.0
1727289116775,5.74,200.0
1727289116775,5.74,100.0
1727289116775,5.74,100.0
1727289116775,5.74,100.0
1727289116775,5.74,100.0
1727289116775,5.74,200.0
1727289116775,5.74,400.0
1727289116775,5.74,5.0
1727289116775,5.74,100.0
1727289116775,5.74,100.0
1727289116775,5.74,100.0
1727289116775,5.74,17499.0
1727289116775,5.74,5.0
1727289116775,5.74,100.0
1727289116775,5.74,100.0
1727289116775,5.74,400.0
1727289116775,5.74,100.0
1727289116775,5.74,700.0
1727289116775,5.74,1300.0
1727289116775,5.74,1100.0
1727289116775,5.74,100.0
1727289116775,5.74,100.0
1727289116775,5.74,99.0
1727289116775,5.74,100.0
1727289116775,5.74,1.0
1727289116775,5.74,406.0
1727289116775,5.74,100.0
1727289116775,5.74,100.0
1727289116775,5.74,100.0
1727289116775,5.74,100.0
1727289116775,5.74,99.0
1727289116775,5.74,200.0
1727289116776,5.74,1.0
1727289116776,5.74,99.0
1727289116776,5.74,1.0
1727289116776,5.74,199.0
1727289116776,5.74,1.0
1727289116776,5.74,99.0
1727289116776,5.74,1.0
1727289116776,5.74,99.0
1727289116776,5.74,1.0
1727289116776,5.74,100.0
1727289116776,5.74,600.0
1727289116776,5.74,100.0
1727289116776,5.74,94.0
1727289116776,5.74,511.0
1727289116776,5.74,605.0
1727289116776,5.74,84.0
1727289116776,5.74,200.0
1727289116776,5.74,284.0
1727289116776,5.74,100.0
1727289116776,5.74,25.0
1727289116776,5.74,105.0
1727289116776,5.74,16.0
1727289116776,5.74,120.0
1727289116776,5.74,25.0
1727289116776,5.735,17.0
1727289116776,5.74,84.0
1727289116776,5.74,105.0
1727289116776,5.74,5.0
1727289116776,5.74,15.0
1727289116776,5.74,16.0
1727289116776,5.74,100.0
1727289116776,5.74,24.0
1727289116776,5.74,400.0
1727289116776,5.74,24.0
1727289116776,5.74,100.0
1727289116776,5.74,400.0
1727289116777,5.74,17.0
1727289116777,5.74,5.0
1727289116777,5.74,18.0
1727289116777,5.74,32500.0
1727289116777,5.74,32500.0
1727289116777,5.74,276.0
1727289116777,5.74,2.0
1727289116777,5.74,100.0
1727289116777,5.74,17.0
1727289116777,5.74,24.0
1727289116778,5.74,18.0
1727289116778,5.735,5.0
1727289116778,5.75,2.0
1727289116778,5.74,35.0
1727289116778,5.74,17.0
1727289116779,5.74,19100.0
1727289116781,5.74,68.0
1727289116785,5.74,1900.0
1727289116785,5.735,85400.0
1727289116786,5.74,157.0
1727289116786,5.74,93.0
1727289116787,5.74,700.0
1727289116787,5.74,100.0
1727289116787,5.745,100.0
1727289116829,5.74,900.0
1727289116829,5.74,100.0
1727289116829,5.74,4600.0
1727289116829,5.74,600.0
1727289116829,5.74,13.0
1727289116829,5.74,200.0
1727289116829,5.74,200.0
1727289116829,5.74,100.0
1727289116829,5.74,300.0
1727289116829,5.74,300.0
1727289116829,5.74,198.0
1727289116829,5.74,300.0
1727289116829,5.74,1500.0
1727289116829,5.74,320.0
1727289116829,5.74,2987.0
1727289116829,5.74,100.0
1727289116829,5.74,44.0
1727289116829,5.74,853.0
1727289116829,5.74,2100.0
1727289116829,5.74,400.0
1727289116829,5.74,32.0
1727289116829,5.74,400.0
1727289116829,5.74,2900.0
1727289116829,5.74,395.0
1727289116829,5.74,2800.0
1727289116829,5.74,700.0
1727289116830,5.74,100.0
1727289116830,5.74,1397.0
1727289116830,5.74,100.0
1727289116830,5.74,100.0
1727289116830,5.74,100.0
1727289116830,5.74,100.0
1727289116844,5.74,1.0
1727289117724,5.731106,2.0
1727289117915,5.735,128.0
1727289117915,5.735,72.0
1727289118997,5.7364,3100.0
1727289119274,5.734,3100.0
1727289120359,5.7316,10.0
1727289121167,5.735,1500.0
1727289121168,5.735,724.0
1727289121169,5.735,2100.0
1727289121169,5.735,420.0
1727289121169,5.735,2100.0
1727289121186,5.735,300.0
1727289121318,5.735,100.0
1727289121567,5.735,300.0
1727289122136,5.735,5000.0
1727289124347,5.725,80.0
1727289124348,5.725,20.0
1727289124068,5.73,100.0
1727289124068,5.73,100.0
1727289124068,5.73,100.0
1727289124068,5.73,300.0
1727289124068,5.73,100.0
1727289124068,5.73,100.0
1727289124068,5.73,400.0
1727289124068,5.73,900.0
1727289124068,5.73,200.0
1727289124068,5.73,9100.0
1727289124068,5.73,100.0
1727289124068,5.73,100.0
1727289124068,5.73,100.0
1727289124068,5.73,100.0
1727289124068,5.73,100.0
1727289124068,5.73,200.0
1727289124068,5.73,100.0
1727289124068,5.73,100.0
1727289124068,5.73,200.0
1727289124068,5.73,100.0
1727289124068,5.73,100.0
1727289124068,5.73,100.0
1727289124068,5.73,100.0
1727289124068,5.73,300.0
1727289124068,5.73,100.0
1727289124068,5.73,100.0
1727289124068,5.73,1500.0
1727289124068,5.73,100.0
1727289124068,5.73,100.0
1727289124068,5.73,100.0
1727289124068,5.73,400.0
1727289124068,5.73,150.0
1727289124068,5.73,100.0
1727289124068,5.73,1100.0
1727289124068,5.73,20.0
1727289124068,5.73,280.0
1727289124068,5.73,100.0
1727289124068,5.73,100.0
1727289124068,5.73,820.0
1727289124068,5.73,280.0
1727289124068,5.73,300.0
1727289124068,5.73,100.0
1727289124068,5.73,100.0
1727289124068,5.73,100.0
1727289124068,5.73,150.0
1727289124068,5.73,100.0
1727289124068,5.73,1700.0
1727289124068,5.73,700.0
1727289124068,5.73,100.0
1727289124068,5.73,317.0
1727289124068,5.73,1000.0
1727289124069,5.73,200.0
1727289124069,5.73,200.0
1727289124069,5.73,100.0
1727289124069,5.73,100.0
1727289124069,5.73,11000.0
1727289124069,5.73,900.0
1727289124069,5.73,400.0
1727289124069,5.73,300.0
1727289124069,5.73,100.0
1727289124069,5.73,200.0
1727289124069,5.73,100.0
1727289124069,5.73,200.0
1727289124069,5.73,100.0
1727289124069,5.73,100.0
1727289124069,5.735,300.0
1727289124069,5.73,100.0
1727289124076,5.725,100.0
1727289124091,5.725,100.0
1727289124091,5.725,100.0
1727289124092,5.725,100.0
1727289124093,5.725,100.0
1727289124094,5.725,100.0
1727289124094,5.725,20.0
1727289124095,5.725,6725.0
1727289124096,5.725,500.0
1727289124096,5.725,1500.0
1727289124096,5.725,200.0
1727289124096,5.725,200.0
1727289124109,5.725,100.0
1727289124508,5.725,400.0
1727289124224,5.725,100.0
1727289124572,5.725,400.0
1727289125409,5.7276,250.0
1727289125632,5.725,100.0
1727289125769,5.725,1763.0
1727289125996,5.725,100.0
1727289126318,5.725,500.0
1727289126993,5.7225,200.0
1727289126993,5.725,178.0
1727289126388,5.7276,100.0
1727289128030,5.725,1500.0
1727289128492,5.725,40.0
1727289128728,5.726604,100.0
1727289129304,5.7278,100.0
1727289130653,5.7299,100.0
1727289130659,5.73,100.0
1727289130659,5.73,42.0
1727289130659,5.725,100.0
1727289131941,5.725,100.0
1727289132396,5.7352,100.0
1727289132595,5.73,10.0
1727289132617,5.73,100.0
1727289132439,5.73,100.0
1727289132439,5.73,100.0
1727289132439,5.73,600.0
1727289132439,5.73,200.0
1727289132439,5.73,100.0
1727289132440,5.73,100.0
1727289132440,5.73,300.0
1727289132441,5.73,1400.0
1727289132608,5.73,100.0
1727289132441,5.73,100.0
1727289132442,5.73,100.0
1727289132442,5.73,100.0
1727289132442,5.73,600.0
1727289132442,5.73,100.0
1727289132442,5.73,100.0
1727289132443,5.73,600.0
1727289132443,5.73,100.0
1727289132443,5.73,600.0
1727289132444,5.73,900.0
1727289132443,5.73,100.0
1727289132444,5.73,1200.0
1727289132444,5.73,26700.0
1727289132444,5.73,300.0
1727289132444,5.73,700.0
1727289132444,5.73,231.0
1727289132445,5.73,400.0
1727289132445,5.73,16.0
1727289132445,5.73,700.0
1727289132445,5.73,2784.0
1727289132445,5.73,383.0
1727289132445,5.73,553.0
1727289132445,5.73,1500.0
1727289132445,5.73,115.0
1727289132445,5.73,100.0
1727289132445,5.73,307.0
1727289132445,5.73,16.0
1727289132445,5.73,198.0
1727289132445,5.73,44.0
1727289132445,5.73,23.0
1727289132445,5.73,1000.0
1727289132445,5.73,1077.0
1727289132445,5.73,1.0
1727289132445,5.73,100.0
1727289132446,5.73,100.0
1727289132446,5.73,200.0
1727289132446,5.73,100.0
1727289132445,5.73,100.0
1727289132446,5.73,100.0
1727289132446,5.73,100.0
1727289132446,5.73,100.0
1727289132446,5.73,30.0
1727289132446,5.73,30.0
1727289132446,5.73,100.0
1727289132446,5.73,500.0
1727289132447,5.73,100.0
1727289132458,5.735,200.0
1727289132616,5.73,307.0
1727289132485,5.73,200.0
1727289132485,5.73,1000.0
1727289132485,5.73,1779.0
1727289132486,5.735,100.0
1727289132486,5.735,100.0
1727289132491,5.73,298.0
1727289132496,5.735,100.0
1727289132570,5.735,3100.0
1727289132679,5.73,100.0
1727289134290,5.7357,100.0
1727289134316,5.73,30.0
1727289134329,5.73,3.0
1727289136624,5.73,24.0
1727289138745,5.736,50.0
1727289140057,5.73,100.0
1727289140059,5.73,100.0
1727289140062,5.73,100.0
1727289140062,5.73,100.0
1727289140062,5.73,100.0
1727289140076,5.73,2000.0
1727289140081,5.73,200.0
1727289140094,5.73,100.0
1727289140526,5.7399,4083.0
1727289140654,5.74,1.0
1727289144473,5.7301,1000.0
1727289145467,5.73,100.0
1727289147820,5.735,100.0
1727289147989,5.7305,1000.0
1727289148933,5.735,200.0
1727289149381,5.735,700.0
1727289149736,5.73,17.0
1727289149864,5.735,1.0
1727289150254,5.73,1.0
1727289151109,5.74,2.0
1727289151156,5.7303,3100.0
1727289153193,5.7302,3100.0
1727289156523,5.735,4.0
1727289157517,5.7312,1.0
1727289159463,5.7349,100.0
1727289162426,5.735,100.0
1727289163621,5.7399,50.0
1727289165396,5.735,505.0
1727289166682,5.731,2000.0
1727289167336,5.73,1.0
1727289236687,5.7363,83.0
1727289238241,5.7303,6.0
1727289242694,5.73,100.0
1727289242701,5.73,100.0
1727289243001,5.7352,200.0
1727289243099,5.7331,500.0
1727289243283,5.7348,100.0
1727289244007,5.735,10.0
1727289246446,5.73,400.0
1727289253069,5.73,167.0
1727289253070,5.73,300.0
1727289253070,5.73,100.0
1727289253070,5.73,300.0
1727289253071,5.73,167.0
1727289253072,5.73,33.0
1727289253072,5.73,16.0
1727289253072,5.73,300.0
1727289253075,5.73,67.0
1727289253079,5.73,48.0
1727289253079,5.73,200.0
1727289253079,5.73,18.0
1727289253091,5.73,100.0
1727289253219,5.73,133.0
1727289253296,5.73,167.0
1727289254103,5.73,100.0
1727289254104,5.73,100.0
1727289254105,5.73,100.0
1727289254105,5.73,100.0
1727289254105,5.73,11.0
1727289254109,5.73,189.0
1727289254138,5.73,100.0
1727289254147,5.73,100.0
1727289254729,5.73,100.0
1727289254741,5.73,111.0
1727289254745,5.73,89.0
1727289255036,5.73,82.0
1727289255036,5.73,218.0
1727289255037,5.73,100.0
1727289255037,5.73,100.0
1727289255084,5.73,100.0
1727289255085,5.73,100.0
1727289255097,5.73,100.0
1727289255097,5.73,100.0
1727289255097,5.73,100.0
1727289255098,5.73,100.0
1727289255107,5.73,100.0
1727289255199,5.73,100.0
1727289262816,5.7379,1500.0
1727289263321,5.7302,4.0
1727289263751,5.735,500.0
1727289263767,5.735,500.0
1727289265159,5.73,300.0
1727289265159,5.73,16.0
1727289269438,5.7394,18.0
1727289274782,5.74,100.0
1727289275630,5.735,4.0
1727289276923,5.7348,100.0
1727289277256,5.74,1.0
1727289280187,5.73,10.0
1727289283543,5.7303,251.0
1727289283686,5.7359,2800.0
1727289284721,5.7312,13.0
1727289285230,5.7312,1.0
1727289285233,5.735,100.0
1727289285233,5.735,776.0
1727289285237,5.73,171.0
1727289286476,5.7399,900.0
1727289350120,5.7348,100.0
1727289357423,5.735,100.0
1727289357780,5.7306,1228.0
1727289360513,5.735,700.0
1727289360566,5.735,100.0
1727289361914,5.735,309.0
1727289362184,5.73,1.0
1727289363692,5.7305,5.0
1727289365931,5.73,100.0
1727289369295,5.73,1.0
1727289368773,5.7311,257.0
1727289368781,5.7372,1.0
1727289369049,5.73,746.0
1727289369053,5.73,100.0
1727289369053,5.73,700.0
1727289369143,5.735,100.0
1727289370605,5.735,100.0
1727289372076,5.73,200.0
1727289372919,5.735,200.0
1727289372923,5.73,11.0
1727289372924,5.73,145.0
1727289373563,5.735,100.0
1727289375573,5.735,500.0
1727289376829,5.735,100.0
1727289376829,5.735,100.0
1727289376836,5.735,100.0
1727289376440,5.735,429.0
1727289377406,5.73,1.0
1727289380116,5.7332,4.0
1727289381042,5.7349,100.0
1727289381463,5.735,200.0
1727289381464,5.735,200.0
1727289383143,5.7301,171.0
1727289383151,5.7309,1.0
1727289383207,5.73,2000.0
1727289384332,5.7301,200.0
1727289384446,5.73,1.0
1727289385088,5.73,100.0
1727289385089,5.73,900.0
1727289385712,5.735,500.0
1727289390218,5.74,125.0
1727289390558,5.736,3.0
1727289390627,5.735,4812.0
1727289392903,5.735,1763.0
1727289395476,5.735,2100.0
1727289395783,5.73,71.0
1727289395783,5.73,100.0
1727289395783,5.73,100.0
1727289395783,5.73,20.0
1727289395783,5.73,300.0
1727289395783,5.73,154.0
1727289395821,5.73,55.0
1727289395821,5.73,691.0
1727289395823,5.73,1400.0
1727289397866,5.735,100.0
1727289398403,5.73,100.0
1727289398404,5.73,200.0
1727289398404,5.73,100.0
1727289398404,5.73,282.0
1727289398404,5.73,18.0
1727289398405,5.732,300.0
1727289398429,5.7304,2700.0
1727289399103,5.735,100.0
1727289400451,5.7313,400.0
1727289401028,5.7349,600.0
1727289403867,5.7394,10.0
1727289406294,5.7302,403.0
1727289473676,5.73,100.0
1727289473788,5.735,500.0
1727289474289,5.735,100.0
1727289475292,5.7325,1.0
1727289475613,5.74,1400.0
1727289478130,5.7355,500.0
1727289478577,5.7361,2.0
1727289480280,5.7355,100.0
1727289481917,5.7326,61.0
1727289482943,5.73,100.0
1727289484068,5.734,500.0
1727289484335,5.74,1.0
1727289487592,5.73,300.0
1727289487592,5.73,500.0
1727289487592,5.74,5.0
1727289487592,5.74,25.0
1727289487592,5.74,15.0
1727289487592,5.74,100.0
1727289487592,5.74,4.0
1727289487592,5.74,200.0
1727289487593,5.735,100.0
1727289487593,5.735,100.0
1727289487593,5.74,225.0
1727289487593,5.74,250.0
1727289487594,5.73,150.0
1727289487594,5.735,700.0
1727289487612,5.74,100.0
1727289487625,5.735,100.0
1727289487625,5.735,100.0
1727289487634,5.735,51.0
1727289487752,5.735,500.0
1727289487753,5.735,2100.0
1727289487753,5.735,2100.0
1727289492544,5.73,746.0
1727289492547,5.73,15.0
1727289492547,5.73,200.0
1727289492547,5.73,300.0
1727289492548,5.73,685.0
1727289492562,5.735,100.0
1727289493035,5.7305,215.0
1727289494044,5.73,200.0
1727289494187,5.73,354.0
1727289494187,5.73,100.0
1727289494188,5.73,100.0
1727289494188,5.73,192.0
1727289495262,5.73,10.0
1727289501568,5.7383,5.0
1727289505585,5.73,186.0
1727289505588,5.735,798.0
1727289505588,5.735,100.0
1727289505589,5.735,100.0
1727289505590,5.735,100.0
1727289505592,5.735,100.0
1727289505593,5.735,100.0
1727289505595,5.735,100.0
1727289505596,5.735,100.0
1727289505717,5.7329,62.0
1727289506884,5.7302,600.0
1727289508918,5.7328,3000.0
1727289511465,5.735,1000.0
1727289511939,5.735,100.0
1727289512875,5.7312,10.0
1727289514170,5.735,194.0
1727289516201,5.7305,21.0
1727289523048,5.7325,100.0
1727289524213,5.73,100.0
1727289524213,5.73,200.0
1727289524214,5.73,600.0
1727289524239,5.73,29.0
1727289525004,5.735,100.0
1727289525005,5.735,100.0
1727289523489,5.732,400.0
1727289526563,5.735,1.0
1727289526395,5.7394,203.0
1727289526399,5.73,1.0
1727289526399,5.73,153.0
1727289527738,5.73,200.0
1727289527738,5.73,100.0
1727289527738,5.73,100.0
1727289527738,5.73,100.0
1727289527738,5.73,100.0
1727289527738,5.73,100.0
1727289527738,5.73,39.0
1727289527738,5.73,126.0
1727289527738,5.73,324.0
1727289527738,5.73,100.0
1727289527738,5.73,11.0
1727289527738,5.73,100.0
1727289527738,5.73,20.0
1727289527738,5.73,200.0
1727289527739,5.73,5.0
1727289527739,5.73,10.0
1727289527739,5.73,100.0
1727289527739,5.73,100.0
1727289527739,5.73,2.0
1727289527739,5.73,200.0
1727289527739,5.73,200.0
1727289527740,5.73,100.0
1727289527885,5.73,100.0
1727289527957,5.73,100.0
1727289533809,5.725,100.0
1727289534472,5.7275,100.0
1727289534473,5.73,23.0
1727289534473,5.73,51.0
1727289534473,5.725,100.0
1727289534473,5.725,100.0
1727289534473,5.725,1500.0
1727289534473,5.73,100.0
1727289534474,5.725,300.0
1727289534474,5.725,50.0
1727289534476,5.725,700.0
1727289624754,5.7202,30.0
1727289626250,5.725,100.0
1727289630916,5.7203,2.0
1727289632204,5.7299,18.0
1727289636620,5.7288,2.0
1727289636625,5.7288,7.0
1727289637037,5.7351,100.0
1727289637096,5.725,35.0
1727289637130,5.73,1.0
1727289642061,5.725,100.0
1727289642062,5.725,100.0
1727289652518,5.7294,2.0
1727289652932,5.7201,79.0
1727289652933,5.7201,713.0
1727289652933,5.72,79.0
1727289654811,5.72,17.0
1727289654811,5.72,100.0
1727289654811,5.72,100.0
1727289654811,5.72,100.0
1727289654811,5.72,1.0
1727289654811,5.72,11.0
1727289654811,5.72,100.0
1727289654811,5.72,100.0
1727289654811,5.72,1.0
1727289654812,5.72,17.0
1727289654812,5.72,17.0
1727289654812,5.72,11.0
1727289654812,5.72,5.0
1727289654812,5.72,165.0
1727289654812,5.72,100.0
1727289654812,5.72,100.0
1727289654813,5.72,23.0
1727289654813,5.72,100.0
1727289655020,5.72,100.0
1727289655644,5.725,15.0
1727289658390,5.725,100.0
1727289661141,5.725,100.0
1727289661338,5.721,20.0
1727289661361,5.7213,110.0
1727289661528,5.7208,40.0
1727289664358,5.7288,2.0
1727289664713,5.7288,1.0
1727289665250,5.72,120.0
1727289665253,5.72,80.0
1727289666419,5.72,20.0
1727289667387,5.725,22.0
1727289667392,5.7201,1.0
1727289667939,5.72,1.0
1727289670035,5.7226,107.0
1727289670150,5.7205,2000.0
1727289670163,5.72,100.0
1727289670163,5.72,200.0
1727289670164,5.72,600.0
1727289670351,5.7244,200.0
1727289670621,5.7299,50.0
1727289672354,5.72,2000.0
1727289672546,5.72,100.0
1727289675567,5.72,1.0
1727289675568,5.7207,19.0
1727289676030,5.7212,60.0
1727289676104,5.72,100.0
1727289676130,5.725,100.0
1727289676396,5.7264,2.0
1727289676416,5.7264,1.0
1727289681645,5.725,100.0
1727289682108,5.725,300.0
1727289747293,5.722,900.0
1727289747479,5.721,200.0
1727289748165,5.7258,171.0
1727289748421,5.7257,400.0
1727289749947,5.728151,1.0
1727289752503,5.72,17.0
1727289752503,5.72,83.0
1727289753163,5.72,225.0
1727289753835,5.725,100.0
1727289753836,5.72,100.0
1727289756333,5.725,1000.0
1727289756525,5.7262,1.0
1727289760218,5.725,100.0
1727289761786,5.7212,777.0
1727289762010,5.725,350.0
1727289762256,5.7212,1.0
1727289763638,5.7283,50.0
1727289767270,5.725,100.0
1727289767977,5.72,100.0
1727289768002,5.725,100.0
1727289768062,5.725,100.0
1727289769750,5.7296,100.0
1727289770858,5.7205,90.0
1727289770882,5.7204,180.0
1727289771507,5.72,10.0
1727289772085,5.725,100.0
1727289772566,5.7296,100.0
1727289776431,5.72,11.0
1727289776431,5.72,100.0
1727289776431,5.72,100.0
1727289776431,5.72,100.0
1727289776431,5.72,17.0
1727289776431,5.72,100.0
1727289776431,5.72,100.0
1727289776432,5.72,100.0
1727289776431,5.72,100.0
1727289776432,5.72,100.0
1727289776432,5.72,100.0
1727289776432,5.72,100.0
1727289776432,5.72,100.0
1727289776433,5.72,83.0
1727289776666,5.72,100.0
1727289777416,5.7209,80.0
1727289778190,5.72,4.0
1727289778233,5.725,100.0
1727289778363,5.725,1.0
1727289779373,5.72,31.0
1727289781013,5.72,100.0
1727289781021,5.725,100.0
1727289781633,5.7294,100.0
1727289781650,5.7209,1.0
1727289782510,5.725,5.0
1727289782524,5.72,34.0
1727289783963,5.72,100.0
1727289784539,5.72,100.0
1727289784835,5.724,5.0
1727289785289,5.7213,99.0
1727289785289,5.7213,51.0
1727289785650,5.7212,2.0
1727289785758,5.7212,1.0
1727289786026,5.72,5.0
1727289787368,5.7299,214.0
1727289788004,5.725,5.0
1727289789045,5.724,5.0
1727289789369,5.7212,100.0
1727289790685,5.725,5.0
1727289790039,5.7218,105.0
1727289790144,5.725,100.0
1727289792319,5.725,5.0
1727289792874,5.725,1.0
1727289792699,5.73,10.0
1727289793359,5.724,5.0
1727289794066,5.725,100.0
1727289794083,5.725,100.0
1727289794613,5.725,75.0
1727289794709,5.7299,5.0
1727289795211,5.72,17.0
1727289795211,5.72,83.0
1727289795465,5.7288,266.0
1727289795975,5.73,1.0
1727289796374,5.725,5.0
1727289796813,5.7291,100.0
1727289798087,5.7202,450.0
1727289798465,5.725,100.0
1727289798466,5.72,100.0
1727289798466,5.725,100.0
1727289798669,5.72,90.0
1727289798947,5.721,3.0
1727289799253,5.7208,10.0
1727289799253,5.7208,15.0
1727289805093,5.7225,100.0
1727289862344,5.7273,700.0
1727289862447,5.7271,4100.0
1727289862994,5.728,63.0
1727289867696,5.725,1.0
1727289868676,5.7272,35.0
1727289870728,5.7285,100.0
1727289874303,5.7229,1000.0
1727289878520,5.721,3000.0
1727289879886,5.7299,100.0
1727289883535,5.73,100.0
1727289883931,5.725,500.0
1727289884113,5.725,500.0
1727289884586,5.7295,100.0
1727289884894,5.725,100.0
1727289884896,5.725,3.0
1727289884898,5.725,1.0
1727289885524,5.7295,5000.0
1727289886332,5.725,100.0
1727289886470,5.7201,1.0
1727289887467,5.725,116.0
1727289887999,5.728151,4.0
1727289889240,5.7283,100.0
1727289889830,5.725,100.0
1727289890126,5.72,100.0
1727289891978,5.721,37.0
1727289894304,5.7299,1.0
1727289897237,5.725,100.0
1727289899186,5.7295,250.0
1727289902108,5.7299,25.0
1727289905271,5.7285,1000.0
1727289908771,5.73,100.0
1727289908771,5.725,200.0
1727289908771,5.725,100.0
1727289908771,5.73,100.0
1727289908771,5.73,200.0
1727289908783,5.725,100.0
1727289908903,5.73,20.0
1727289908903,5.73,20.0
1727289908903,5.73,5.0
1727289909948,5.7297,113.0
1727289910044,5.7279,62.0
1727289910198,5.725,1.0
1727289910493,5.729,1000.0
1727289911123,5.7299,500.0
1727289913452,5.7212,1.0
1727289913493,5.7212,17.0
1727289914221,5.73,100.0
1727289915590,5.7297,20.0
1727289916520,5.7294,5.0
1727289918910,5.729,450.0
1727289920510,5.724,1763.0
1727289923012,5.728871,200.0
1727289923303,5.73,23.0
1727289923303,5.73,100.0
1727289923303,5.73,3.0
1727289923303,5.73,11.0
1727289923303,5.73,17.0
1727289923304,5.73,100.0
1727289923304,5.73,100.0
1727289923304,5.73,17.0
1727289923308,5.73,1200.0
1727289923308,5.73,129.0
1727289923308,5.73,1100.0
1727289923308,5.73,1000.0
1727289923308,5.73,8.0
1727289923308,5.73,100.0
1727289923308,5.73,100.0
1727289923308,5.73,1.0
1727289923308,5.73,14488.0
1727289923308,5.73,265.0
1727289923309,5.73,643.0
1727289923309,5.73,971.0
1727289923309,5.73,100.0
1727289923309,5.73,1599.0
1727289923309,5.73,29.0
1727289923309,5.73,100.0
1727289923309,5.73,1000.0
1727289923309,5.73,1.0
1727289923309,5.73,100.0
1727289923309,5.73,1200.0
1727289923309,5.73,1.0
1727289923309,5.73,399.0
1727289923309,5.73,601.0
1727289923309,5.73,99.0
1727289923309,5.73,2000.0
1727289923309,5.73,100.0
1727289923309,5.73,100.0
1727289923309,5.73,54.0
1727289923309,5.73,100.0
1727289923309,5.73,36.0
1727289923309,5.73,8.0
1727289923309,5.73,100.0
1727289923309,5.73,100.0
1727289923309,5.73,100.0
1727289923309,5.73,200.0
1727289923309,5.73,1.0
1727289923309,5.73,99.0
1727289923309,5.73,200.0
1727289923309,5.73,88.0
1727289923309,5.73,12.0
1727289923309,5.73,400.0
1727289923309,5.73,363.0
1727289923309,5.73,400.0
1727289923309,5.73,499.0
1727289923309,5.73,99.0
1727289923309,5.73,99.0
1727289923309,5.73,339.0
1727289923309,5.73,771.0
1727289923309,5.73,100.0
1727289923309,5.73,100.0
1727289923309,5.73,900.0
1727289923309,5.73,100.0
1727289923309,5.73,5.0
1727289923309,5.73,100.0
1727289923309,5.73,36.0
1727289923310,5.73,1000.0
1727289923312,5.74,300.0
1727289923316,5.73,1400.0
1727289923317,5.73,100.0
1727289923322,5.735,300.0
1727289923322,5.735,300.0
1727289923322,5.735,300.0
1727289923322,5.735,100.0
1727289923322,5.735,300.0
1727289923322,5.735,300.0
1727289923437,5.735,200.0
1727289923440,5.735,100.0
1727289923477,5.7394,18.0
1727289984324,5.735,100.0
1727289990992,5.738,1.0
1727289992270,5.735,100.0
1727289992275,5.735,100.0
1727289992479,5.7379,200.0
1727289992827,5.7391,1.0
1727289993632,5.735,500.0
1727289993632,5.735,500.0
1727289993987,5.735,500.0
1727289994196,5.7318,100.0
1727289996099,5.7352,65.0
1727289996944,5.7312,10.0
1727289997232,5.73,1.0
1727289998384,5.73,100.0
1727289998385,5.73,1.0
1727289998385,5.7301,3899.0
1727289998496,5.735,1200.0
1727289998498,5.735,200.0
1727289999189,5.74,100.0
1727289999970,5.7382,80.0
1727290001557,5.7293,486.0
1727290001828,5.7399,2.0
1727290001982,5.735,300.0
1727290003793,5.7327,35.0
1727290004513,5.7382,246.0
1727290004514,5.7328,154.0
1727290004534,5.74,200.0
1727290005242,5.735,5.0
1727290006686,5.73,100.0
1727290008550,5.7312,17.0
1727290008729,5.7372,34.0
1727290008978,5.7388,34.0
1727290008978,5.7312,1.0
1727290008978,5.7388,1.0
1727290010345,5.735,100.0
1727290010844,5.735,10.0
1727290010845,5.735,1.0
1727290011595,5.735,300.0
1727290012758,5.7364,40.0
1727290012917,5.7392,2000.0
1727290016881,5.7399,500.0
1727290018164,5.7388,16.0
1727290020210,5.735,100.0
1727290021269,5.7325,1000.0
1727290023038,5.7387,388.0
1727290023218,5.73,100.0
1727290023218,5.73,75.0
1727290024317,5.735,100.0
1727290024317,5.735,100.0
1727290024317,5.735,300.0
1727290024318,5.73,100.0
1727290024318,5.73,266.0
1727290024318,5.73,431.0
1727290024326,5.735,100.0
1727290026207,5.735,100.0
1727290027583,5.7389,50.0
1727290028796,5.735,300.0
1727290029176,5.7306,1050.0
1727290029177,5.7306,950.0
1727290029668,5.7323,371.0
1727290033112,5.74,117.0
1727290034529,5.73,1.0
1727290036719,5.735,300.0
1727290037376,5.7388,26.0
1727290037383,5.74,200.0
1727290037639,5.7388,1.0
1727290039709,5.74,1.0
1727290107450,5.735,300.0
1727290109064,5.735,100.0
1727290108285,5.7292,100.0
1727290109447,5.7316,39.0
1727290109725,5.735,100.0
1727290109728,5.735,100.0
1727290109730,5.735,100.0
1727290112259,5.7339,10.0
1727290112756,5.7301,5.0
1727290112795,5.735,400.0
1727290114848,5.735,50.0
1727290115479,5.735,50.0
1727290119610,5.735,100.0
1727290119619,5.735,100.0
1727290119619,5.735,100.0
1727290119627,5.735,100.0
1727290119788,5.7301,1.0
1727290121404,5.73,100.0
1727290121404,5.73,100.0
1727290121429,5.73,100.0
1727290121450,5.73,10.0
1727290122045,5.735,201.0
1727290123945,5.735,300.0
1727290124341,5.735,350.0
1727290125421,5.735,159.0
1727290125421,5.735,619.0
1727290124692,5.7379,250.0
1727290124712,5.735,1.0
1727290125597,5.735,100.0
1727290125607,5.735,100.0
1727290132116,5.735,100.0
1727290133047,5.731,40.0
1727290134590,5.73,1.0
1727290135708,5.735,300.0
1727290138892,5.7293,100.0
1727290139020,5.73,200.0
1727290144671,5.7383,2.0
1727290147666,5.7301,288.0
1727290151110,5.7344,100.0
1727290152481,5.73,200.0
1727290152481,5.73,200.0
1727290152481,5.73,100.0
1727290152481,5.73,16.0
1727290152481,5.73,100.0
1727290152481,5.73,284.0
1727290152481,5.73,100.0
1727290152481,5.73,100.0
1727290152481,5.73,200.0
1727290152481,5.73,100.0
1727290152482,5.73,100.0
1727290152482,5.73,300.0
1727290152482,5.73,94.0
1727290152482,5.73,200.0
1727290152482,5.73,955.0
1727290152482,5.73,100.0
1727290152482,5.73,86.0
1727290152482,5.73,200.0
1727290152482,5.73,300.0
1727290152482,5.73,100.0
1727290152502,5.735,300.0
1727290152635,5.73,100.0
1727290152662,5.73,200.0
1727290153796,5.735,200.0
1727290153796,5.735,100.0
1727290155310,5.73,6.0
1727290155310,5.73,11.0
1727290155310,5.73,83.0
1727290156311,5.73,400.0
1727290156311,5.73,200.0
1727290156312,5.735,100.0
1727290156323,5.735,100.0
1727290157420,5.7305,3100.0
1727290157518,5.731,200.0
1727290157880,5.735,3100.0
1727290234926,5.73,200.0
1727290237296,5.73,100.0
1727290237377,5.735,200.0
1727290237468,5.735,300.0
1727290242048,5.7352,19.0
1727290244175,5.73,203.0
1727290244176,5.73,100.0
1727290244182,5.735,100.0
1727290244217,5.73,42.0
1727290244217,5.73,135.0
1727290244364,5.73,609.0
1727290244365,5.73,288.0
1727290244365,5.73,1000.0
1727290244365,5.73,68.0
1727290244365,5.73,2055.0
1727290244365,5.73,172.0
1727290244365,5.73,1100.0
1727290244365,5.73,100.0
1727290244365,5.73,9000.0
1727290244365,5.73,300.0
1727290244365,5.73,100.0
1727290244365,5.73,9200.0
1727290244365,5.73,100.0
1727290244365,5.73,300.0
1727290244365,5.73,500.0
1727290244365,5.73,100.0
1727290244365,5.73,8100.0
1727290244365,5.73,765.0
1727290244365,5.73,100.0
1727290244365,5.73,100.0
1727290244365,5.73,48.0
1727290244365,5.73,350.0
1727290244365,5.73,52.0
1727290244365,5.73,200.0
1727290244365,5.73,600.0
1727290244365,5.73,400.0
1727290244365,5.73,100.0
1727290244365,5.73,100.0
1727290244365,5.73,100.0
1727290244365,5.73,500.0
1727290244365,5.73,1.0
1727290244365,5.73,30.0
1727290244365,5.73,2546.0
1727290244365,5.73,200.0
1727290244365,5.73,400.0
1727290244365,5.73,624.0
1727290244365,5.73,600.0
1727290244365,5.73,474.0
1727290244365,5.73,142.0
1727290244365,5.73,458.0
1727290244365,5.73,100.0
1727290244365,5.73,19.0
1727290244366,5.73,100.0
1727290244366,5.73,73.0
1727290244366,5.73,27.0
1727290244366,5.73,400.0
1727290244366,5.73,19.0
1727290244366,5.73,458.0
1727290244366,5.73,400.0
1727290244366,5.73,100.0
1727290244366,5.73,5.0
1727290244366,5.73,400.0
1727290244366,5.73,100.0
1727290244366,5.73,173.0
1727290244366,5.73,100.0
1727290244366,5.73,100.0
1727290244366,5.73,227.0
1727290244366,5.73,100.0
1727290244366,5.73,388.0
1727290244366,5.73,100.0
1727290244366,5.73,121.0
1727290244366,5.73,112.0
1727290244366,5.73,200.0
1727290244366,5.73,100.0
1727290244366,5.73,100.0
1727290244366,5.73,226.0
1727290244366,5.73,200.0
1727290244366,5.73,41.0
1727290244366,5.73,100.0
1727290244366,5.73,300.0
1727290244366,5.73,200.0
1727290244367,5.73,100.0
1727290244367,5.73,400.0
1727290244367,5.73,100.0
1727290244367,5.73,13.0
1727290244367,5.73,100.0
1727290244368,5.725,300.0
1727290244970,5.725,300.0
1727290244972,5.725,100.0
1727290245015,5.7278,26.0
1727290245726,5.73,1.0
1727290246641,5.7276,10.0
1727290248058,5.73,150.0
1727290248058,5.73,23.0
1727290248058,5.73,150.0
1727290248059,5.725,100.0
1727290248059,5.725,100.0
1727290248059,5.73,144.0
1727290248060,5.725,100.0
1727290248060,5.725,100.0
1727290248060,5.725,146.0
1727290248060,5.725,100.0
1727290251310,5.724,3100.0
1727290253040,5.724,2000.0
1727290254078,5.7212,11.0
1727290254090,5.725,250.0
1727290254248,5.7212,1.0
1727290257764,5.725,1.0
1727290259983,5.7201,100.0
1727290259983,5.72,100.0
1727290259984,5.7241,600.0
1727290259985,5.725,194.0
1727290259985,5.725,172.0
1727290259986,5.72,2000.0
1727290260555,5.725,200.0
1727290265233,5.729,5.0
1727290266318,5.721,100.0
1727290266319,5.725,100.0
1727290266319,5.725,166.0
1727290266319,5.725,100.0
1727290266555,5.725,100.0
1727290266561,5.725,100.0
1727290271524,5.729,53.0
1727290273054,5.7303,100.0
1727290273140,5.725,100.0
1727290276506,5.725,200.0
1727290349869,5.735,14.0
1727290350714,5.73,9.0
1727290350722,5.735,300.0
1727290350729,5.735,196.0
1727290350759,5.735,100.0
1727290350869,5.735,196.0
1727290351914,5.735,1.0
1727290352685,5.7304,100.0
1727290354026,5.735,188.0
1727290354026,5.735,48.0
1727290354162,5.735,100.0
1727290354162,5.74,10.0
1727290354162,5.74,8.0
1727290356779,5.74,18.0
1727290357228,5.735,100.0
1727290357228,5.735,97.0
1727290357371,5.735,157.0
1727290358373,5.735,300.0
1727290360766,5.735,157.0
1727290360766,5.735,236.0
1727290364060,5.735,100.0
1727290364061,5.735,293.0
1727290364236,5.735,314.0
1727290364633,5.735,393.0
1727290364835,5.7396,500.0
1727290364934,5.735,100.0
1727290364934,5.74,57.0
1727290364934,5.74,236.0
1727290366340,5.735,3.0
1727290368429,5.73,32.0
1727290368441,5.735,300.0
1727290368625,5.735,100.0
1727290368625,5.74,293.0
1727290368648,5.7381,300.0
1727290371007,5.7377,172.0
1727290371019,5.7377,2.0
1727290372814,5.7388,2.0
1727290373005,5.735,100.0
1727290373005,5.74,96.0
1727290373006,5.74,196.0
1727290373275,5.7332,18.0
1727290373286,5.7332,1.0
1727290373616,5.735,1.0
1727290374815,5.7332,1.0
1727290374938,5.735,100.0
1727290374938,5.735,18.0
1727290374938,5.735,236.0
1727290375088,5.735,100.0
1727290375267,5.7397,348.0
1727290375325,5.735,100.0
1727290375325,5.74,214.0
1727290375403,5.735,1.0
1727290377647,5.7398,200.0
1727290377648,5.735,100.0
1727290377649,5.735,100.0
1727290377649,5.735,200.0
1727290377649,5.735,400.0
1727290377649,5.735,517.0
1727290378469,5.7306,200.0
1727290378622,5.735,100.0
1727290378625,5.735,100.0
1727290378625,5.735,58.0
1727290378625,5.735,196.0
1727290380182,5.735,100.0
1727290382091,5.74,393.0
1727290385992,5.74,352.0
1727290386080,5.7399,10.0
1727290386522,5.7312,1.0
1727290387239,5.735,157.0
1727290387240,5.74,196.0
1727290388440,5.74,100.0
1727290391027,5.74,353.0
1727290391492,5.738,1.0
1727290392790,5.7391,1249.0
1727290393030,5.74,353.0
1727290393209,5.735,300.0
1727290393209,5.731,300.0
1727290393210,5.735,400.0
1727290393210,5.7314,600.0
1727290393210,5.7305,100.0
1727290393210,5.7307,100.0
1727290393212,5.735,100.0
1727290393217,5.735,300.0
1727290393255,5.735,100.0
1727290393429,5.74,391.0
1727290394523,5.7301,1000.0
1727290394733,5.74,353.0
1727290397314,5.735,100.0
1727290396921,5.7306,4000.0
1727290396930,5.74,391.0
1727290398258,5.7399,10970.0
1727290398433,5.74,352.0
1727290398502,5.735,1.0
1727290398914,5.7399,10.0
1727290400061,5.7399,25.0
1727290401327,5.7395,100.0
1727290401578,5.74,352.0
1727290402436,5.74,100.0
1727290402437,5.74,14.0
1727290402437,5.74,14.0
1727290402437,5.74,195.0
1727290402437,5.74,29.0
1727290402439,5.735,1.0
1727290402243,5.74,306.0
1727290402243,5.74,46.0
1727290403381,5.7391,25.0
1727290404619,5.7399,3100.0
1727290404825,5.74,2000.0
1727290405023,5.74,103.0
1727290405023,5.74,149.0
1727290405023,5.74,100.0
1727290405025,5.735,100.0
1727290405229,5.74,352.0
1727290405422,5.74,352.0
1727290405440,5.735,100.0
1727290467934,5.7393,25.0
1727290471869,5.74,294.0
1727290471869,5.74,59.0
1727290472030,5.74,100.0
1727290472030,5.74,16.0
1727290472030,5.74,79.0
1727290472033,5.74,21.0
1727290472033,5.74,175.0
1727290473637,5.74,352.0
1727290473824,5.74,353.0
1727290474151,5.74,391.0
1727290474307,5.74,100.0
1727290474328,5.74,352.0
1727290475874,5.7374,438.0
1727290476430,5.74,92.0
1727290476632,5.74,353.0
1727290479988,5.7301,30.0
1727290480088,5.74,391.0
1727290480665,5.735,25.0
1727290481547,5.7327,100.0
1727290483227,5.735,100.0
1727290483431,5.74,391.0
1727290484243,5.7375,258.0
1727290487763,5.74,274.0
1727290490671,5.736,20.0
1727290490672,5.735,100.0
1727290490673,5.735,646.0
1727290490725,5.735,500.0
1727290490725,5.735,500.0
1727290490922,5.74,157.0
1727290490922,5.74,196.0
1727290491460,5.7395,200.0
1727290494170,5.74,391.0
1727290494814,5.735,3.0
1727290496592,5.735,100.0
1727290496592,5.735,565.0
1727290497360,5.74,235.0
1727290497360,5.74,117.0
1727290499529,5.74,353.0
1727290500725,5.74,391.0
1727290502586,5.735,100.0
1727290502735,5.74,130.0
1727290502735,5.74,100.0
1727290502735,5.74,23.0
1727290502735,5.74,100.0
1727290503800,5.735,20.0
1727290504473,5.7357,450.0
1727290507022,5.74,234.0
1727290507023,5.74,15.0
1727290507023,5.74,1.0
1727290507023,5.74,141.0
1727290506876,5.7328,100.0
1727290507233,5.74,100.0
1727290507233,5.74,291.0
1727290508035,5.74,353.0
1727290508371,5.735,26.0
1727290511270,5.74,100.0
1727290511270,5.74,291.0
1727290511117,5.735,100.0
1727290511624,5.74,235.0
1727290511624,5.74,117.0
1727290512016,5.735,100.0
1727290512839,5.74,391.0
1727290512233,5.74,353.0
1727290513100,5.735,130.0
1727290513838,5.74,25.0
1727290513979,5.7399,12.0
1727290514013,5.7331,4300.0
1727290514498,5.7312,5.0
1727290514725,5.7312,1.0
1727290515235,5.7388,44.0
1727290515236,5.7388,1.0
1727290515487,5.731,18.0
1727290516326,5.74,352.0
1727290520111,5.74,353.0
1727290520113,5.735,100.0
1727290520114,5.735,605.0
1727290523360,5.74,391.0
1727290525208,5.7394,8.0
1727290526029,5.7377,373.0
1727290526484,5.735,1.0
1727290526644,5.74,391.0
1727290594043,5.7399,6.0
1727290594194,5.73,100.0
1727290595437,5.7334,100.0
1727290596811,5.7311,22.0
1727290596881,5.7303,50.0
1727290599432,5.735,300.0
1727290599437,5.735,100.0
1727290599483,5.73,15.0
1727290599483,5.73,120.0
1727290599484,5.73,65.0
1727290599990,5.7347,56.0
1727290602070,5.7334,500.0
1727290602261,5.7334,100.0
1727290602998,5.7388,2.0
1727290603146,5.7388,1.0
1727290610017,5.7387,20.0
1727290610433,5.7334,100.0
1727290610434,5.735,200.0
1727290610435,5.735,100.0
1727290610439,5.735,200.0
1727290610571,5.73,100.0
1727290610867,5.735,300.0
1727290618409,5.7309,3.0
1727290618963,5.7377,300.0
1727290619016,5.73,60.0
1727290619016,5.73,40.0
1727290619925,5.7379,16.0
1727290619938,5.7379,1.0
1727290620822,5.7368,2.0
1727290621791,5.735,200.0
1727290623468,5.73,100.0
1727290625035,5.7382,750.0
1727290626175,5.7344,55.0
1727290626559,5.7398,1.0
1727290629413,5.735,300.0
1727290629414,5.735,300.0
1727290629475,5.73,100.0
1727290637105,5.73,15.0
1727290637105,5.73,188.0
1727290637105,5.73,31.0
1727290637105,5.73,100.0
1727290637105,5.73,63.0
1727290637105,5.73,100.0
1727290637105,5.73,100.0
1727290637105,5.73,11.0
1727290637105,5.73,100.0
1727290637105,5.73,200.0
1727290637105,5.73,100.0
1727290637105,5.73,58.0
1727290637106,5.73,15.0
1727290637106,5.73,85.0
1727290637106,5.73,164.0
1727290637106,5.73,21.0
1727290637108,5.735,300.0
1727290637146,5.73,100.0
1727290637321,5.73,100.0
1727290637750,5.731,5.0
1727290638503,5.73,1.0
1727290638598,5.73,52.0
1727290638598,5.73,428.0
1727290638598,5.73,20.0
1727290638790,5.73,200.0
1727290639283,5.7309,11.0
1727290640139,5.73,100.0
1727290641281,5.7374,250.0
1727290641811,5.73,100.0
1727290642944,5.735,100.0
1727290642981,5.73,100.0
1727290644893,5.7363,400.0
1727290644999,5.735,4.0
1727290645342,5.7306,2000.0
1727290645398,5.73,100.0
1727290645398,5.73,200.0
1727290651600,5.725,528.0
1727290651866,5.73,17.0
1727290651866,5.73,410.0
1727290651866,5.73,767.0
1727290651866,5.725,1100.0
1727290652075,5.726,5.0
1727290652102,5.725,100.0
1727290652173,5.72,100.0
1727290652173,5.72,100.0
1727290714704,5.7299,300.0
1727290714799,5.7242,100.0
1727290714817,5.724,1000.0
1727290716234,5.72,100.0
1727290717637,5.725,100.0
1727290718803,5.725,200.0
1727290718352,5.7299,1000.0
1727290718839,5.72,100.0
1727290718839,5.72,100.0
1727290718839,5.72,100.0
1727290718839,5.722,300.0
1727290718839,5.7201,100.0
1727290718839,5.722,200.0
1727290718839,5.7205,100.0
1727290718840,5.72,92.0
1727290718840,5.725,300.0
1727290718840,5.72,100.0
1727290718840,5.72,8.0
1727290718841,5.72,200.0
1727290718842,5.725,300.0
1727290718843,5.725,100.0
1727290718844,5.725,100.0
1727290718847,5.722,200.0
1727290718859,5.72,200.0
1727290718876,5.72,200.0
1727290719956,5.725,400.0
1727290719840,5.725,100.0
1727290719840,5.725,300.0
1727290719842,5.72,11.0
1727290719842,5.72,16.0
1727290719842,5.72,5.0
1727290719842,5.72,84.0
1727290719842,5.72,13.0
1727290719842,5.72,95.0
1727290719842,5.72,29.0
1727290719842,5.72,100.0
1727290719842,5.72,50.0
1727290719842,5.72,100.0
1727290719842,5.72,11.0
1727290719842,5.72,100.0
1727290719842,5.72,100.0
1727290719842,5.72,88.0
1727290719842,5.72,1.0
1727290719842,5.72,100.0
1727290719843,5.72,100.0
1727290719843,5.72,100.0
1727290719862,5.725,100.0
1727290720049,5.72,100.0
1727290721328,5.725,1000.0
1727290722030,5.725,1000.0
1727290725013,5.72,4.0
1727290725036,5.72,1.0
1727290726395,5.724,1000.0
1727290726419,5.725,200.0
1727290727748,5.72,100.0
1727290728046,5.725,1.0
1727290729640,5.725,100.0
1727290729994,5.72,100.0
1727290730020,5.7286,64.0
1727290730046,5.72,3.0
1727290730336,5.724,500.0
1727290731827,5.73,59.0
1727290731827,5.73,33.0
1727290732062,5.7313,100.0
1727290736683,5.722,2000.0
1727290737022,5.725,100.0
1727290738333,5.72,100.0
1727290738355,5.7201,874.0
1727290738819,5.72,200.0
1727290744382,5.725,3100.0
1727290745646,5.725,200.0
1727290749053,5.7288,25.0
1727290749061,5.725,1200.0
1727290749688,5.725,100.0
1727290749694,5.725,100.0
1727290750948,5.7299,11.0
1727290751496,5.725,10.0
1727290751514,5.725,1.0
1727290751711,5.725,2.0
1727290752285,5.725,11.0
1727290752441,5.72,100.0
1727290753199,5.7276,100.0
1727290754998,5.725,100.0
1727290757112,5.7283,57.0
1727290758347,5.7283,96.0
1727290758347,5.7283,96.0
1727290760032,5.725,100.0
1727290760033,5.725,100.0
1727290760033,5.725,100.0
1727290760034,5.725,100.0
1727290760135,5.724,9.0
1727290761964,5.725,100.0
1727290762007,5.7294,7.0
1727290762920,5.72,100.0
1727290763319,5.7212,4.0
1727290763578,5.7212,1.0
1727290764272,5.725,100.0
1727290764285,5.725,700.0
1727290764410,5.7311,500.0
1727290766222,5.7225,100.0
1727290766881,5.73,31.0
1727290769251,5.7311,100.0
1727290834996,5.7121,700.0
1727290836339,5.7114,800.0
1727290839409,5.715,200.0
1727290839237,5.71,10.0
1727290846816,5.7247,19.0
1727290847327,5.7194,1.0
1727290847905,5.7105,500.0
1727290848581,5.71,100.0
1727290850855,5.7106,20000.0
1727290850734,5.715,100.0
1727290850740,5.715,200.0
1727290850740,5.715,100.0
1727290850740,5.715,200.0
1727290850770,5.7195,20.0
1727290853508,5.715,10.0
1727290852461,5.71,100.0
1727290853314,5.715,100.0
1727290855602,5.715,1500.0
1727290856523,5.7175,55.0
1727290858309,5.7112,932.0
1727290858315,5.7195,20.0
1727290857569,5.715,590.0
1727290857625,5.715,200.0
1727290857627,5.715,40.0
1727290857831,5.715,100.0
1727290858631,5.7112,1.0
1727290862762,5.715,100.0
1727290862762,5.715,100.0
1727290862762,5.715,100.0
1727290862762,5.715,400.0
1727290862762,5.715,315.0
1727290862763,5.715,400.0
1727290864435,5.7115,253.0
1727290864793,5.71,100.0
1727290865068,5.7194,1.0
1727290865313,5.715,1.0
1727290865683,5.7266,100.0
1727290870690,5.7172,242.0
1727290871032,5.71,50.0
1727290871034,5.715,100.0
1727290871166,5.72,2.0
1727290874631,5.71,200.0
1727290876126,5.71,200.0
1727290876768,5.71,100.0
1727290881970,5.7172,55.0
1727290883892,5.7112,11.0
1727290884180,5.7112,1.0
1727290885913,5.7113,100.0
1727290886012,5.715,100.0
1727290886292,5.7266,100.0
1727290886680,5.7101,20000.0
1727290886682,5.72,100.0
1727290886706,5.715,20.0
1727290887006,5.72,100.0
1727290887352,5.715,250.0
1727290887778,5.71,10.0
1727291140005,5.71,100.0
1727291139784,5.71,211.0
1727291140275,5.71,100.0
1727291141854,5.71,2.0
1727291142455,5.7156,12.0
1727291142455,5.7156,238.0
1727291142456,5.71,12.0
1727291145297,5.7112,94.0
1727291145842,5.7111,300.0
1727291146690,5.7101,11263.0
1727291148204,5.7107,93.0
1727291151722,5.7112,2.0
1727291151902,5.71,1.0
1727291152227,5.71,100.0
1727291152227,5.71,100.0
1727291159351,5.71,5.0
1727291159351,5.71,5.0
1727291159351,5.71,95.0
1727291159352,5.71,11.0
1727291159352,5.71,17.0
1727291159352,5.71,100.0
1727291159352,5.71,83.0
1727291159352,5.71,100.0
1727291159352,5.71,100.0
1727291159352,5.71,100.0
1727291159352,5.71,5.0
1727291159352,5.71,84.0
1727291159352,5.71,100.0
1727291159352,5.71,17.0
1727291159352,5.71,11.0
1727291159352,5.71,17.0
1727291159366,5.71,1.0
1727291159366,5.71,100.0
1727291159366,5.71,100.0
1727291159366,5.71,100.0
1727291159366,5.71,100.0
1727291159546,5.71,100.0
1727291159568,5.71,100.0
1727291161065,5.7107,7300.0
1727291161972,5.715,200.0
1727291161973,5.715,100.0
1727291166334,5.71,9.0
1727291167711,5.711,11.0
1727291167845,5.715,1.0
1727291169512,5.7179,100.0
1727291169677,5.7165,55.0
1727291170050,5.7199,10.0
1727291170824,5.715,100.0
1727291172620,5.715,20.0
1727291172113,5.71,100.0
1727291173094,5.7125,300.0
1727291173108,5.7179,44.0
1727291174672,5.72,400.0
1727291174758,5.715,100.0
1727291174758,5.715,100.0
1727291175048,5.72,100.0
1727291176238,5.71,100.0
1727291176238,5.71,100.0
1727291176443,5.715,200.0
1727291177680,5.715,200.0
1727291177680,5.715,100.0
1727291179057,5.7182,1100.0
1727291179059,5.715,2.0
1727291180340,5.715,798.0
1727291180340,5.715,100.0
1727291180340,5.715,100.0
1727291180340,5.715,100.0
1727291180340,5.715,100.0
1727291180347,5.715,100.0
1727291180347,5.715,100.0
1727291182261,5.715,3100.0
1727291183388,5.7193,50.0
1727291187658,5.7188,1.0
1727291187693,5.71,17.0
1727291187693,5.71,183.0
1727291189042,5.7181,20.0
1727291189165,5.7171,100.0
1727291189806,5.715,100.0
1727291192451,5.7188,1.0
1727291192651,5.715,1500.0
1727291192749,5.7188,1.0
1727291192901,5.71,80.0
1727291193900,5.715,100.0
1727291263467,5.7194,68.0
1727291263666,5.718,3.0
1727291264725,5.715,10.0
1727291266830,5.715,200.0
1727291268528,5.72,10.0
1727291270636,5.71,72.0
1727291270636,5.71,11.0
1727291270636,5.71,100.0
1727291270636,5.71,17.0
1727291270656,5.715,20.0
1727291270765,5.71,100.0
1727291270632,5.7174,8.0
1727291270634,5.71,17.0
1727291270635,5.71,100.0
1727291270635,5.71,11.0
1727291270635,5.71,100.0
1727291270635,5.71,100.0
1727291270635,5.71,30.0
1727291270635,5.71,100.0
1727291270635,5.71,100.0
1727291270635,5.71,100.0
1727291270635,5.71,100.0
1727291270635,5.71,83.0
1727291270636,5.71,100.0
1727291270636,5.71,5.0
1727291270636,5.71,95.0
1727291273629,5.711,500.0
1727291278301,5.715,100.0
1727291278573,5.715,472.0
1727291279362,5.7147,71.0
1727291280737,5.715,4.0
1727291281302,5.715,100.0
1727291281304,5.715,100.0
1727291282884,5.7139,100.0
1727291284052,5.715,100.0
1727291284054,5.715,100.0
1727291284054,5.715,100.0
1727291284054,5.715,100.0
1727291284055,5.71,700.0
1727291284055,5.71,2.0
1727291284055,5.71,2.0
1727291284055,5.71,73.0
1727291284055,5.71,20.0
1727291284055,5.71,100.0
1727291284055,5.71,100.0
1727291284055,5.71,100.0
1727291284055,5.71,100.0
1727291284055,5.71,100.0
1727291284055,5.71,100.0
1727291284056,5.71,100.0
1727291287803,5.7128,19.0
1727291289296,5.7103,17.0
1727291289311,5.7145,100.0
1727291292112,5.7105,4.0
1727291292114,5.715,2.0
1727291292252,5.715,98.0
1727291293768,5.7109,5.0
1727291293826,5.715,100.0
1727291295420,5.7173,200.0
1727291296030,5.715,200.0
1727291296030,5.715,200.0
1727291296030,5.715,200.0
1727291296030,5.715,100.0
1727291296030,5.715,100.0
1727291296032,5.715,100.0
1727291296034,5.715,100.0
1727291296407,5.715,50.0
1727291296598,5.71,23.0
1727291297423,5.7112,1.0
1727291300754,5.7105,2382.0
1727291300754,5.7105,4618.0
1727291300762,5.715,100.0
1727291301078,5.7177,20.0
1727291301083,5.7177,1.0
1727291303525,5.715,100.0
1727291305293,5.715,100.0
1727291309729,5.715,100.0
1727291311361,5.715,500.0
1727291312310,5.715,100.0
1727291313385,5.715,130.0
1727291313386,5.715,56.0
1727291313653,5.712,78.0
1727291314520,5.715,100.0
1727291314526,5.715,100.0
1727291315382,5.72,5.0
1727291317453,5.7188,1.0
1727291377510,5.7151,2000.0
1727291377816,5.715,430.0
1727291379964,5.7177,100.0
1727291379474,5.715,2000.0
1727291382813,5.715,200.0
1727291385292,5.715,200.0
1727291385796,5.71,100.0
1727291386662,5.715,600.0
1727291388428,5.7138,900.0
1727291391370,5.715,2.0
1727291395255,5.715,100.0
1727291395268,5.715,100.0
1727291395268,5.715,200.0
1727291396120,5.713,100.0
1727291396671,5.711,200.0
1727291396686,5.715,100.0
1727291397568,5.715,1.0
1727291397740,5.715,660.0
1727291397919,5.72,15.0
1727291397919,5.72,7.0
1727291397919,5.72,10.0
1727291397919,5.72,60.0
1727291398064,5.72,40.0
1727291398064,5.72,10.0
1727291398064,5.72,42.0
1727291398075,5.715,300.0
1727291401155,5.715,200.0
1727291402040,5.715,100.0
1727291402414,5.72,100.0
1727291403169,5.72,300.0
1727291403169,5.72,33.0
1727291403169,5.72,100.0
1727291403169,5.718,441.0
1727291403170,5.715,1200.0
1727291403170,5.715,300.0
1727291403171,5.715,473.0
1727291403171,5.715,134.0
1727291403171,5.715,100.0
1727291403171,5.715,100.0
1727291403171,5.715,200.0
1727291403171,5.715,193.0
1727291403172,5.715,1400.0
1727291403172,5.715,300.0
1727291404172,5.715,100.0
1727291404172,5.715,100.0
1727291404179,5.715,200.0
1727291404179,5.715,283.0
1727291405172,5.715,2.0
1727291405209,5.715,100.0
1727291407575,5.7176,100.0
1727291407835,5.7114,100.0
1727291407836,5.715,1000.0
1727291407836,5.715,100.0
1727291407837,5.715,400.0
1727291407837,5.715,700.0
1727291407838,5.72,25.0
1727291407838,5.715,300.0
1727291407838,5.72,275.0
1727291407838,5.72,25.0
1727291407838,5.72,22.0
1727291408838,5.715,100.0
1727291408838,5.715,100.0
1727291408838,5.715,145.0
1727291408838,5.715,100.0
1727291408839,5.715,100.0
1727291410683,5.715,2.0
1727291412045,5.72,100.0
1727291415064,5.715,100.0
1727291417529,5.714,2000.0
1727291417408,5.7142,6500.0
1727291419203,5.715,1.0
1727291419631,5.715,3100.0
1727291419952,5.72,100.0
1727291420131,5.715,99.0
1727291420131,5.715,301.0
1727291420214,5.715,100.0
1727291421880,5.715,100.0
1727291422518,5.7188,1.0
1727291422650,5.7188,1.0
1727291424012,5.715,1.0
1727291426281,5.715,100.0
1727291426282,5.715,100.0
1727291426283,5.715,100.0
1727291426284,5.715,100.0
1727291426285,5.715,100.0
1727291426285,5.715,100.0
1727291426286,5.715,100.0
1727291426287,5.715,100.0
1727291426288,5.715,100.0
1727291426289,5.715,100.0
1727291426360,5.7168,500.0
1727291427782,5.715,100.0
1727291428382,5.715,100.0
1727291428382,5.715,100.0
1727291428383,5.715,100.0
1727291428384,5.715,100.0
1727291428385,5.715,100.0
1727291428386,5.715,100.0
1727291428386,5.715,100.0
1727291428387,5.715,100.0
1727291428388,5.715,100.0
1727291428948,5.71,100.0
1727291428949,5.71,100.0
1727291429441,5.715,100.0
1727291429442,5.715,100.0
1727291429442,5.715,100.0
1727291429443,5.715,100.0
1727291429443,5.715,200.0
1727291429443,5.715,100.0
1727291429443,5.715,100.0
1727291429444,5.715,244.0
1727291429444,5.715,100.0
1727291429445,5.715,100.0
1727291429446,5.715,100.0
1727291429446,5.715,100.0
1727291431834,5.715,5.0
1727291432257,5.715,144.0
1727291433745,5.71,17.0
1727291433745,5.71,34.0
1727291434692,5.72,200.0
1727291435791,5.715,200.0
1727291439157,5.715,100.0
1727291502739,5.7114,20.0
1727291502815,5.715,18.0
1727291504859,5.7186,1000.0
1727291504938,5.715,89.0
1727291505368,5.72,78.0
1727291505369,5.715,90.0
1727291505015,5.715,62.0
1727291505064,5.715,42.0
1727291506849,5.712,700.0
1727291506850,5.715,100.0
1727291506854,5.71,200.0
1727291506927,5.715,2200.0
1727291508928,5.715,100.0
1727291508928,5.715,100.0
1727291508928,5.715,100.0
1727291508928,5.715,100.0
1727291508928,5.715,100.0
1727291508928,5.715,200.0
1727291508928,5.715,200.0
1727291508928,5.715,133.0
1727291508928,5.715,100.0
1727291508928,5.715,200.0
1727291508946,5.715,800.0
1727291509043,5.71,100.0
1727291509580,5.715,100.0
1727291509586,5.715,100.0
1727291510783,5.715,200.0
1727291512838,5.715,200.0
1727291514819,5.71,100.0
1727291517008,5.715,100.0
1727291519093,5.7176,3000.0
1727291519433,5.715,500.0
1727291519433,5.715,500.0
1727291519625,5.72,15.0
1727291520823,5.715,100.0
1727291520888,5.72,100.0
1727291521172,5.7159,71.0
1727291524999,5.71,100.0
1727291526450,5.715,200.0
1727291527647,5.72,100.0
1727291528226,5.715,100.0
1727291528233,5.715,100.0
1727291528638,5.7193,16.0
1727291529894,5.71,100.0
1727291529903,5.72,20.0
1727291531280,5.72,850.0
1727291531281,5.715,100.0
1727291531281,5.715,100.0
1727291531281,5.715,100.0
1727291531281,5.715,100.0
1727291531281,5.715,100.0
1727291531281,5.715,199.0
1727291531281,5.715,200.0
1727291531281,5.715,100.0
1727291531281,5.715,100.0
1727291531281,5.715,200.0
1727291531734,5.715,100.0
1727291536462,5.72,2000.0
1727291537185,5.72,200.0
1727291537198,5.71,32.0
1727291539767,5.7112,1.0
1727291540318,5.715,150.0
1727291541174,5.7181,5.0
1727291542097,5.72,100.0
1727291542165,5.7173,1000.0
1727291543858,5.7113,11.0
1727291544852,5.715,100.0
1727291545197,5.7168,2.0
1727291545208,5.7168,1.0
1727291546813,5.7188,2.0
1727291547642,5.71,100.0
1727291548672,5.715,200.0
1727291548672,5.715,100.0
1727291549629,5.72,2.0
1727291552612,5.715,300.0
1727291552731,5.7107,7500.0
1727291556495,5.71,100.0
1727291558452,5.715,100.0
1727291558460,5.715,100.0
1727291624328,5.7131,100.0
1727291624893,5.7142,57.0
1727291630164,5.715,100.0
1727291630593,5.7111,8.0
1727291631171,5.715,100.0
1727291631241,5.7111,1.0
1727291632125,5.715,100.0
1727291632161,5.71,100.0
1727291635123,5.715,100.0
1727291635667,5.715,200.0
1727291636375,5.72,50.0
1727291639355,5.715,100.0
1727291639355,5.715,200.0
1727291639723,5.7114,170.0
1727291640389,5.715,100.0
1727291640126,5.71,100.0
1727291640996,5.71,100.0
1727291641557,5.715,100.0
1727291645409,5.7199,1000.0
1727291646393,5.7151,1000.0
1727291647375,5.71,10.0
1727291648804,5.7141,300.0
1727291649152,5.715,100.0
1727291649901,5.7139,58.0
1727291649698,5.7139,1.0
1727291650079,5.71,300.0
1727291651254,5.715,200.0
1727291652037,5.715,100.0
1727291652040,5.715,100.0
1727291652041,5.715,100.0
1727291652042,5.715,100.0
1727291651433,5.715,100.0
1727291651494,5.715,100.0
1727291652260,5.715,100.0
1727291652805,5.715,892.0
1727291653811,5.7142,100.0
1727291659515,5.715,100.0
1727291660612,5.715,200.0
1727291660613,5.715,100.0
1727291660715,5.715,200.0
1727291660715,5.715,200.0
1727291660715,5.715,200.0
1727291660715,5.715,100.0
1727291660715,5.715,200.0
1727291660715,5.715,200.0
1727291660717,5.715,200.0
1727291660718,5.715,5.0
1727291660723,5.715,400.0
1727291660723,5.715,400.0
1727291660723,5.715,400.0
1727291660723,5.715,500.0
1727291660724,5.715,200.0
1727291660724,5.715,200.0
1727291660724,5.715,200.0
1727291660724,5.715,200.0
1727291660866,5.7188,3.0
1727291662037,5.715,16.0
1727291666100,5.715,200.0
1727291666101,5.715,100.0
1727291666101,5.715,100.0
1727291666101,5.715,100.0
1727291666101,5.715,100.0
1727291666101,5.715,100.0
1727291666101,5.715,200.0
1727291666101,5.715,200.0
1727291666101,5.715,100.0
1727291666101,5.715,138.0
1727291666102,5.715,200.0
1727291666104,5.715,1.0
1727291666710,5.715,600.0
1727291666717,5.715,400.0
1727291667550,5.72,200.0
1727291667619,5.71,100.0
1727291669466,5.715,100.0
1727291669472,5.715,100.0
1727291671077,5.7199,450.0
1727291670634,5.7188,1.0
1727291671654,5.7112,1.0
1727291671949,5.72,200.0
1727291674355,5.7151,6600.0
1727291673733,5.7144,56.0
1727291675602,5.715,1418.0
1727291676909,5.715,100.0
1727291677110,5.715,145.0
1727291677110,5.715,55.0
1727291677881,5.7144,1.0
1727291678157,5.715,200.0
1727291678463,5.7144,246.0
1727291680193,5.715,100.0
1727291680791,5.715,500.0
1727291734947,5.715,1.0
1727291736459,5.715,200.0
1727291737716,5.72,10.0
1727291738284,5.7155,1.0
1727291739074,5.7112,1.0
1727291739222,5.715,300.0
1727291742392,5.715,170.0
1727291742392,5.715,130.0
1727291742398,5.715,400.0
1727291743217,5.713673,257.0
1727291743660,5.715,50.0
1727291743660,5.715,200.0
1727291743660,5.715,100.0
1727291743660,5.715,450.0
1727291743660,5.715,161.0
1727291743668,5.715,400.0
1727291744035,5.715,100.0
1727291746087,5.71,100.0
1727291747331,5.7147,100.0
1727291748506,5.7101,50.0
1727291749625,5.715,200.0
1727291749626,5.715,200.0
1727291749582,5.718,1.0
1727291749788,5.7113,1000.0
1727291749886,5.71,100.0
1727291750168,5.7154,57.0
1727291752295,5.715,200.0
1727291753685,5.715,100.0
1727291755996,5.7136,1000.0
1727291755998,5.715,601.0
1727291755999,5.715,732.0
1727291756114,5.715,300.0
1727291756241,5.7115,2000.0
1727291757012,5.715,300.0
1727291757262,5.71,100.0
1727291758269,5.7146,100.0
1727291761383,5.7147,100.0
1727291761398,5.7109,1.0
1727291761553,5.715,1.0
1727291762658,5.715,100.0
1727291763461,5.72,100.0
1727291763464,5.715,100.0
1727291763693,5.715,100.0
1727291763701,5.715,471.0
1727291764119,5.715,100.0
1727291764119,5.715,100.0
1727291764119,5.715,100.0
1727291764119,5.715,100.0
1727291764120,5.715,150.0
1727291764120,5.715,100.0
1727291764272,5.715,1.0
1727291764397,5.71,100.0
1727291764451,5.715,100.0
1727291766547,5.7171,896.0
1727291766547,5.7175,104.0
1727291768262,5.719,15.0
1727291768827,5.715,100.0
1727291768828,5.715,100.0
1727291768828,5.715,200.0
1727291768828,5.715,245.0
1727291768909,5.72,200.0
1727291769157,5.7152,1.0
1727291769159,5.7152,249.0
1727291769187,5.7109,4.0
1727291770701,5.72,100.0
1727291771864,5.715,200.0
1727291775498,5.7147,100.0
1727291776153,5.715,13.0
1727291777037,5.7152,62.0
1727291777257,5.715,50.0
1727291778923,5.72,1.0
1727291778979,5.7188,15.0
1727291780438,5.715,200.0
1727291780440,5.715,100.0
1727291780440,5.715,100.0
1727291780440,5.715,100.0
1727291780440,5.715,100.0
1727291780440,5.715,154.0
1727291780444,5.715,200.0
1727291780484,5.715,100.0
1727291780974,5.715,100.0
1727291781024,5.7188,44.0
1727291781075,5.7188,1.0
1727291781318,5.715,100.0
1727291782830,5.7172,100.0
1727291783048,5.7115,3.0
1727291785372,5.715,100.0
1727291787106,5.7188,20.0
1727291857371,5.7164,1.0
1727291858673,5.72,379.0
1727291858988,5.715,871.0
1727291859434,5.715,100.0
1727291859439,5.715,200.0
1727291859958,5.715,2200.0
1727291860223,5.7117,40.0
1727291860242,5.71,100.0
1727291860574,5.715,100.0
1727291860574,5.715,100.0
1727291860574,5.715,100.0
1727291860574,5.715,1000.0
1727291860574,5.715,2200.0
1727291860575,5.715,400.0
1727291860820,5.71,300.0
1727291861847,5.715,1.0
1727291861966,5.715,379.0
1727291862151,5.72,300.0
1727291862236,5.715,221.0
1727291862236,5.72,158.0
1727291863663,5.7163,259.0
1727291863795,5.715,200.0
1727291865348,5.71,10.0
1727291865463,5.72,341.0
1727291865912,5.7182,2.0
1727291866292,5.7112,1.0
1727291866138,5.72,341.0
1727291869673,5.72,341.0
1727291871758,5.72,4500.0
1727291872625,5.715,100.0
1727291872626,5.715,100.0
1727291872627,5.715,100.0
1727291872628,5.715,100.0
1727291872629,5.715,100.0
1727291872630,5.715,100.0
1727291872630,5.715,100.0
1727291872631,5.715,100.0
1727291872829,5.72,342.0
1727291872933,5.715,1095.0
1727291875422,5.715,50.0
1727291875485,5.7188,1.0
1727291874371,5.715,100.0
1727291874396,5.715,200.0
1727291874396,5.715,900.0
1727291875548,5.715,2000.0
1727291876002,5.7167,57.0
1727291876236,5.72,341.0
1727291876714,5.7152,100.0
1727291878472,5.715,50.0
1727291878473,5.715,1500.0
1727291878473,5.715,100.0
1727291878473,5.715,400.0
1727291878473,5.715,800.0
1727291878473,5.715,100.0
1727291878474,5.715,630.0
1727291878474,5.715,870.0
1727291878474,5.715,800.0
1727291878474,5.715,600.0
1727291878474,5.715,50.0
1727291878474,5.715,800.0
1727291878474,5.715,100.0
1727291878474,5.715,100.0
1727291878474,5.715,450.0
1727291878474,5.715,300.0
1727291878476,5.72,17.0
1727291878475,5.715,100.0
1727291878476,5.72,100.0
1727291878476,5.72,200.0
1727291878476,5.72,53.0
1727291878476,5.715,100.0
1727291878476,5.715,100.0
1727291878477,5.72,11.0
1727291878478,5.72,100.0
1727291878478,5.72,1.0
1727291878478,5.72,311.0
1727291878478,5.72,1.0
1727291878478,5.72,17.0
1727291878478,5.72,100.0
1727291878478,5.72,100.0
1727291878476,5.72,30.0
1727291878542,5.72,300.0
1727291878655,5.72,100.0
1727291878655,5.72,1.0
1727291878655,5.72,1.0
1727291878655,5.72,12.0
1727291878656,5.72,265.0
1727291878720,5.72,100.0
1727291878721,5.72,100.0
1727291878721,5.72,11.0
1727291878721,5.72,100.0
1727291878722,5.72,423.0
1727291878722,5.72,15.0
1727291878722,5.72,1751.0
1727291879363,5.715,100.0
1727291879383,5.715,100.0
1727291879393,5.715,200.0
1727291879529,5.72,100.0
1727291879529,5.72,241.0
1727291879826,5.72,1.0
1727291879826,5.72,100.0
1727291879827,5.72,241.0
1727291880066,5.72,100.0
1727291880235,5.72,379.0
1727291881775,5.715,100.0
1727291881775,5.715,145.0
1727291881775,5.715,100.0
1727291881775,5.715,100.0
1727291881775,5.715,100.0
1727291883658,5.72,100.0
1727291883658,5.72,279.0
1727291886550,5.717,1.0
1727291887064,5.72,100.0
1727291887064,5.72,1.0
1727291887064,5.72,281.0
1727291887009,5.72,100.0
1727291889157,5.72,100.0
1727291888927,5.72,18.0
1727291888927,5.72,200.0
1727291888928,5.715,300.0
1727291888928,5.715,400.0
1727291889242,5.7137,1.0
1727291889273,5.72,100.0
1727291889325,5.72,100.0
1727291889325,5.72,1.0
1727291889325,5.72,242.0
1727291889832,5.72,500.0
1727291889875,5.72,18.0
1727291891156,5.7101,2.0
1727291893431,5.72,100.0
1727291894813,5.7188,15.0
1727291895328,5.72,3.0
1727291895458,5.7188,20.0
1727291895971,5.7188,20.0
1727291896432,5.715,100.0
1727291896903,5.715,200.0
1727291896921,5.71025,200.0
1727291898073,5.72,100.0
1727291898074,5.72,100.0
1727291898074,5.72,100.0
1727291898074,5.72,100.0
1727291898074,5.72,23.0
1727291898074,5.72,23.0
1727291898074,5.72,100.0
1727291898074,5.715,100.0
1727291898074,5.715,174.0
1727291898074,5.715,100.0
1727291898075,5.715,100.0
1727291898075,5.715,100.0
1727291898075,5.715,49.0
1727291898179,5.715,100.0
1727291899415,5.71,8.0
1727291900443,5.717,57.0
1727291901399,5.7194,5000.0
1727291904369,5.72,3.0
1727291906124,5.7188,50.0
1727291909131,5.715,100.0
1727291909228,5.715,100.0
1727291909228,5.715,100.0
1727291909229,5.715,300.0
1727291909229,5.715,100.0
1727291909230,5.715,100.0
1727291909231,5.715,100.0
1727291909230,5.715,100.0
1727291909128,5.715,100.0
1727291909128,5.715,100.0
1727291909129,5.715,1.0
1727291909129,5.715,100.0
1727291909130,5.715,100.0
1727291909487,5.715,100.0
1727291909487,5.715,200.0
1727291909487,5.715,200.0
1727291910289,5.715,100.0
1727291910290,5.715,100.0
1727291910291,5.715,100.0
1727291910291,5.715,100.0
1727291910292,5.715,100.0
1727291910293,5.715,100.0
1727291910294,5.715,100.0
1727291910295,5.715,100.0
1727291910295,5.715,100.0
1727291910296,5.715,100.0
1727291911389,5.715,100.0
1727291911390,5.715,100.0
1727291911390,5.715,100.0
1727291911391,5.715,100.0
1727291911392,5.715,100.0
1727291911393,5.715,100.0
1727291911394,5.715,100.0
1727291911394,5.715,100.0
1727291911395,5.715,100.0
1727291911396,5.715,100.0
1727291914463,5.71,100.0
1727291914555,5.715,600.0
1727291914595,5.715,1659.0
1727291916378,5.715,100.0
1727291916379,5.715,100.0
1727291916379,5.715,100.0
1727291916427,5.7171,1.0
1727291975530,5.715,200.0
1727291975535,5.7161,800.0
1727291977385,5.7162,1.0
1727291977454,5.7118,200.0
1727291977575,5.71,100.0
1727291977664,5.715,446.0
1727291977665,5.715,154.0
1727291977882,5.715,100.0
1727291978245,5.72,180.0
1727291979849,5.715,10.0
1727291980310,5.71,30.0
1727291980311,5.71,170.0
1727291980312,5.715,41.0
1727291980803,5.71,100.0
1727291987611,5.715,100.0
1727291987611,5.715,1300.0
1727291987612,5.715,1300.0
1727291989338,5.715,300.0
1727291990545,5.715,100.0
1727291993832,5.71,100.0
1727291998005,5.7159,58.0
1727291998668,5.715,200.0
1727291998668,5.71,50.0
1727291998778,5.715,50.0
1727291999285,5.715,100.0
1727291999286,5.715,1000.0
1727291999288,5.71,34.0
1727291999288,5.71,53.0
1727291999288,5.71,11.0
1727291999288,5.71,36.0
1727291999288,5.71,53.0
1727291999288,5.71,9.0
1727291999151,5.7188,1.0
1727292001405,5.71,100.0
1727292001405,5.71,300.0
1727292001405,5.71,150.0
1727292001186,5.715,100.0
1727292001194,5.71,100.0
1727292001291,5.71,2.0
1727292001318,5.715,49.0
1727292001867,5.71,10.0
1727292005008,5.715,2.0
1727292006551,5.7154,1.0
1727292006044,5.72,10.0
1727292008025,5.715,100.0
1727292008027,5.715,200.0
1727292010187,5.71,500.0
1727292012709,5.7168,50.0
1727292012741,5.71,200.0
1727292013429,5.7118,2.0
1727292016669,5.71,100.0
1727292017665,5.715,520.0
1727292017665,5.715,80.0
1727292018245,5.71,17.0
1727292018364,5.715,1.0
1727292020211,5.715,100.0
1727292020925,5.71,400.0
1727292020714,5.715,100.0
1727292020723,5.715,100.0
1727292021322,5.715,500.0
1727292021322,5.715,500.0
1727292023143,5.7199,1.0
1727292023150,5.71,20.0
1727292023151,5.7122,73.0
1727292022544,5.7145,55.0
1727292022775,5.715,100.0
1727292022780,5.715,200.0
1727292023540,5.7157,100.0
1727292027002,5.71,48.0
1727292030891,5.71,20.0
1727292030891,5.71,100.0
1727292030891,5.71,100.0
1727292030891,5.71,10.0
1727292030891,5.71,20.0
1727292030891,5.71,5.0
1727292030891,5.71,95.0
1727292030891,5.71,11.0
1727292030891,5.71,100.0
1727292030891,5.71,179.0
1727292030892,5.71,100.0
1727292030892,5.71,200.0
1727292030892,5.71,139.0
1727292030892,5.71,100.0
1727292030892,5.71,25.0
1727292030892,5.71,75.0
1727292030892,5.71,100.0
1727292030889,5.71,2.0
1727292030891,5.71,15.0
1727292031134,5.71,100.0
1727292037435,5.7143,1.0
1727292038021,5.715,200.0
1727292038021,5.715,200.0
1727292038021,5.715,100.0
1727292038021,5.715,200.0
1727292038021,5.715,200.0
1727292038021,5.715,100.0
1727292038022,5.715,400.0
1727292038022,5.715,100.0
1727292038022,5.715,300.0
1727292038022,5.715,700.0
1727292038023,5.715,1439.0
1727292038023,5.715,494.0
1727292038167,5.715,1341.0
1727292095411,5.71,19.0
1727292099666,5.715,300.0
1727292105210,5.71,13.0
1727292105717,5.71,16.0
1727292105717,5.71,100.0
1727292105717,5.71,84.0
1727292108567,5.715,100.0
1727292108569,5.71,1.0
1727292108569,5.71,100.0
1727292108569,5.71,100.0
1727292108569,5.71,100.0
1727292108569,5.71,100.0
1727292108570,5.71,100.0
1727292108570,5.71,100.0
1727292108570,5.71,99.0
1727292108570,5.71,100.0
1727292108570,5.71,100.0
1727292108570,5.71,100.0
1727292108570,5.71,100.0
1727292108570,5.71,100.0
1727292108570,5.71,100.0
1727292108740,5.71,100.0
1727292109463,5.715,200.0
1727292109670,5.71,100.0
1727292110053,5.7188,500.0
1727292113451,5.715,100.0
1727292116206,5.7106,50.0
1727292116278,5.71,50.0
1727292116278,5.71,50.0
1727292117033,5.715,100.0
1727292118221,5.7162,1.0
1727292119462,5.71,800.0
1727292119462,5.71,12.0
1727292119462,5.71,1.0
1727292119462,5.71,100.0
1727292119462,5.71,99.0
1727292119462,5.71,100.0
1727292119462,5.71,100.0
1727292119462,5.71,56.0
1727292119463,5.71,2.0
1727292119463,5.71,15.0
1727292119463,5.71,10.0
1727292119601,5.715,100.0
1727292119634,5.7113,301.0
1727292119845,5.715,100.0
1727292120210,5.71,19.0
1727292120703,5.715,100.0
1727292121486,5.715,100.0
1727292122444,5.71,31.0
1727292122603,5.715,100.0
1727292123657,5.715,100.0
1727292125013,5.7137,58.0
1727292125215,5.7153,100.0
1727292126256,5.71,2.0
1727292126400,5.715,1.0
1727292126661,5.715,200.0
1727292126901,5.71,1.0
1727292127757,5.715,100.0
1727292128841,5.7157,27.0
1727292132114,5.71,100.0
1727292135354,5.71,200.0
1727292135411,5.71,17.0
1727292137164,5.71,10.0
1727292137164,5.71,852.0
1727292137164,5.71,32.0
1727292137164,5.71,500.0
1727292137164,5.71,700.0
1727292137164,5.71,8.0
1727292137164,5.71,100.0
1727292137164,5.71,100.0
1727292137164,5.71,400.0
1727292137164,5.71,2600.0
1727292137164,5.71,100.0
1727292137164,5.71,13.0
1727292137164,5.71,100.0
1727292137165,5.71,100.0
1727292137165,5.71,100.0
1727292137165,5.71,200.0
1727292137165,5.71,100.0
1727292137165,5.71,183.0
1727292137165,5.715,2.0
1727292137165,5.71,100.0
1727292137168,5.7113,374.0
1727292137169,5.715,254.0
1727292137231,5.71,500.0
1727292137231,5.71,500.0
1727292139356,5.72,2622.0
1727292140107,5.71,10.0
1727292140885,5.71,100.0
1727292140885,5.71,100.0
1727292141185,5.715,100.0
1727292141185,5.715,283.0
1727292146738,5.71,14.0
1727292146846,5.7133,254.0
1727292147678,5.7101,8.0
1727292150070,5.71,100.0
1727292150071,5.71,100.0
1727292150083,5.71,200.0
1727292150861,5.71,12.0
1727292150861,5.71,88.0
1727292150861,5.71,100.0
1727292150905,5.7133,58.0
1727292153210,5.71,100.0
1727292156507,5.7152,600.0
1727292156754,5.7101,30.0
1727292220930,5.71,300.0
1727292221062,5.715,500.0
1727292221062,5.72,100.0
1727292221166,5.71,100.0
1727292221772,5.7133,9100.0
1727292222381,5.72,10.0
1727292224189,5.71,8.0
1727292225108,5.7193,13.0
1727292225108,5.72,13.0
1727292225213,5.7121,56.0
1727292225718,5.7114,420.0
1727292230209,5.71,42.0
1727292233716,5.71,200.0
1727292233929,5.715,175.0
1727292236723,5.715,200.0
1727292240330,5.7162,5.0
1727292242238,5.72,100.0
1727292242107,5.71,100.0
1727292242353,5.7188,1.0
1727292241544,5.715,1005.0
1727292246218,5.71,15.0
1727292246218,5.71,85.0
1727292247394,5.715,200.0
1727292247958,5.71,9.0
1727292248572,5.71,1.0
1727292249100,5.71,200.0
1727292249394,5.715,300.0
1727292249445,5.71,100.0
1727292249686,5.715,10.0
1727292251507,5.715,2.0
1727292251513,5.71,100.0
1727292251778,5.715,200.0
1727292252115,5.7122,61.0
1727292252479,5.7199,67.0
1727292254099,5.7101,1000.0
1727292255128,5.71,100.0
1727292257323,5.716,50.0
1727292257326,5.71,11.0
1727292257809,5.715,100.0
1727292260810,5.71,395.0
1727292260810,5.71,5.0
1727292261788,5.715,18.0
1727292262790,5.7149,700.0
1727292263216,5.715,200.0
1727292263402,5.71,10.0
1727292263451,5.715,5.0
1727292263861,5.7105,100.0
1727292263891,5.71,266.0
1727292271981,5.715,100.0
1727292271983,5.71,100.0
1727292271983,5.71,11.0
1727292271984,5.71,100.0
1727292271984,5.71,100.0
1727292271984,5.71,15.0
1727292271984,5.71,85.0
1727292271984,5.71,100.0
1727292271984,5.71,23.0
1727292271984,5.71,100.0
1727292271984,5.71,100.0
1727292271984,5.71,100.0
1727292271984,5.71,100.0
1727292271984,5.71,100.0
1727292271985,5.71,100.0
1727292271985,5.71,100.0
1727292272215,5.71,100.0
1727292272492,5.715,1.0
1727292274395,5.715,100.0
1727292274625,5.7101,200.0
1727292274709,5.715,500.0
1727292274718,5.715,100.0
1727292274718,5.715,100.0
1727292275118,5.715,100.0
1727292275118,5.715,94.0
1727292275118,5.715,325.0
1727292275118,5.715,415.0
1727292275118,5.715,147.0
1727292275118,5.715,3000.0
1727292275118,5.715,300.0
1727292275118,5.715,100.0
1727292275118,5.715,500.0
1727292275119,5.715,19.0
1727292276364,5.715,300.0
1727292276365,5.715,100.0
1727292276384,5.715,200.0
1727292276384,5.715,200.0
1727292276384,5.715,100.0
1727292276384,5.715,200.0
1727292276384,5.715,200.0
1727292276385,5.715,100.0
1727292276385,5.715,100.0
1727292276385,5.715,100.0
1727292276385,5.715,100.0
1727292276385,5.715,100.0
1727292276387,5.715,100.0
1727292276387,5.715,100.0
1727292276387,5.715,100.0
1727292276394,5.715,600.0
1727292276439,5.715,100.0
1727292276439,5.715,100.0
1727292276439,5.715,100.0
1727292276439,5.715,400.0
1727292276440,5.715,200.0
1727292278578,5.715,18.0
1727292277859,5.715,200.0
1727292343826,5.69,200.0
1727292344483,5.69,200.0
1727292346623,5.7,2000.0
1727292347429,5.69,100.0
1727292348071,5.69,200.0
1727292348713,5.6912,100.0
1727292348751,5.7019,61.0
1727292349071,5.69,100.0
1727292349524,5.69,100.0
1727292351653,5.7,1.0
1727292352337,5.691,15.0
1727292352969,5.6917,24.0
1727292352969,5.695,676.0
1727292353282,5.691,37.0
1727292354581,5.696,40.0
1727292354945,5.7,88.0
1727292357313,5.695,101.0
1727292360152,5.69,1000.0
1727292360152,5.69,400.0
1727292360152,5.69,800.0
1727292360213,5.69,100.0
1727292360216,5.69,18.0
1727292361447,5.69,100.0
1727292361849,5.6905,1092.0
1727292362850,5.695,2.0
1727292363774,5.6905,8.0
1727292363837,5.695,47.0
1727292364684,5.7062,300.0
1727292364529,5.6992,50.0
1727292365416,5.69,14.0
1727292365416,5.69,3.0
1727292366089,5.695,1487.0
1727292366390,5.695,500.0
1727292366604,5.695,50.0
1727292367732,5.69,100.0
1727292369416,5.695,250.0
1727292369726,5.695,3.0
1727292371517,5.6905,1000.0
1727292372125,5.7016,56.0
1727292373306,5.69,100.0
1727292373308,5.69,14.0
1727292373308,5.69,1.0
1727292373308,5.69,100.0
1727292373308,5.69,11.0
1727292373309,5.69,100.0
1727292373309,5.69,56.0
1727292373309,5.69,11.0
1727292373309,5.69,100.0
1727292373309,5.69,14.0
1727292373309,5.69,100.0
1727292373310,5.69,197.0
1727292374039,5.695,1.0
1727292374039,5.69,13.0
1727292374039,5.695,1.0
1727292374150,5.706,100.0
1727292373502,5.69,100.0
1727292376293,5.6906,5.0
1727292376347,5.695,60.0
1727292376624,5.695,105.0
1727292376625,5.695,698.0
1727292376625,5.69,100.0
1727292376625,5.69,5.0
1727292377234,5.706,900.0
1727292377253,5.69,100.0
1727292378865,5.69,87.0
1727292378865,5.69,200.0
1727292378871,5.69,100.0
1727292378669,5.69,2.0
1727292378669,5.69,100.0
1727292378669,5.69,100.0
1727292380044,5.698,100.0
1727292380113,5.6961,50.0
1727292381020,5.6999,5.0
1727292381035,5.69,6000.0
1727292381035,5.69,1500.0
1727292381035,5.69,5.0
1727292381035,5.69,1100.0
1727292381035,5.69,600.0
1727292381035,5.69,125.0
1727292381035,5.69,2771.0
1727292381035,5.69,200.0
1727292381035,5.69,169.0
1727292381035,5.69,3.0
1727292381035,5.69,150.0
1727292381035,5.69,4091.0
1727292381035,5.69,100.0
1727292381035,5.69,600.0
1727292381035,5.69,100.0
1727292381035,5.69,50.0
1727292381035,5.69,1700.0
1727292381035,5.69,150.0
1727292381035,5.69,200.0
1727292381035,5.69,500.0
1727292381035,5.69,100.0
1727292381035,5.69,400.0
1727292381035,5.69,200.0
1727292381035,5.69,620.0
1727292381035,5.69,500.0
1727292381035,5.69,800.0
1727292381035,5.69,87.0
1727292381035,5.69,1000.0
1727292381035,5.69,800.0
1727292381035,5.69,100.0
1727292381035,5.69,100.0
1727292381035,5.69,100.0
1727292381035,5.69,900.0
1727292381035,5.69,100.0
1727292381035,5.69,7599.0
1727292381035,5.69,100.0
1727292381035,5.69,2.0
1727292381035,5.69,100.0
1727292381036,5.69,100.0
1727292381036,5.69,100.0
1727292381036,5.69,6300.0
1727292381036,5.69,5001.0
1727292381036,5.69,1000.0
1727292381036,5.69,100.0
1727292381036,5.685,100.0
1727292381036,5.69,1000.0
1727292381036,5.69,100.0
1727292381037,5.685,100.0
1727292381037,5.685,100.0
1727292381037,5.685,100.0
1727292381037,5.685,100.0
1727292381038,5.685,300.0
1727292381038,5.685,200.0
1727292381038,5.685,200.0
1727292381038,5.685,200.0
1727292381038,5.685,200.0
1727292381038,5.685,200.0
1727292381038,5.685,100.0
1727292381039,5.68,94.0
1727292381039,5.68,15.0
1727292381040,5.68,1.0
1727292381040,5.68,10.0
1727292381041,5.68,1.0
1727292381041,5.68,132.0
1727292381041,5.68,223.0
1727292381042,5.685,100.0
1727292381043,5.68,404.0
1727292381044,5.68,500.0
1727292381045,5.685,200.0
1727292381045,5.685,31.0
1727292381045,5.685,69.0
1727292381045,5.69,100.0
1727292381046,5.685,200.0
1727292381046,5.685,700.0
1727292381046,5.685,200.0
1727292381046,5.685,800.0
1727292381046,5.69,400.0
1727292381046,5.685,900.0
1727292381047,5.681,3600.0
1727292381054,5.68,10.0
1727292381067,5.69,8.0
1727292381131,5.685,300.0
1727292381332,5.685,14.0
1727292381333,5.685,300.0
1727292381399,5.685,300.0
1727292381637,5.685,100.0
1727292382044,5.685,389.0
1727292382462,5.69,200.0
1727292382462,5.69,100.0
1727292382462,5.69,200.0
1727292382462,5.685,100.0
1727292382462,5.685,100.0
1727292382462,5.685,100.0
1727292382463,5.685,100.0
1727292382470,5.685,100.0
1727292382470,5.685,100.0
1727292382470,5.685,100.0
1727292382470,5.685,200.0
1727292382936,5.685,1200.0
1727292382937,5.685,1700.0
1727292383406,5.685,300.0
1727292383406,5.685,300.0
1727292383406,5.685,300.0
1727292383407,5.685,800.0
1727292383407,5.685,800.0
1727292383407,5.685,2400.0
1727292383454,5.6899,1487.0
1727292383668,5.685,100.0
1727292383668,5.685,23.0
1727292383668,5.685,199.0
1727292383675,5.685,200.0
1727292383676,5.685,101.0
1727292383676,5.685,236.0
1727292383710,5.685,100.0
1727292383717,5.685,415.0
1727292383735,5.6899,1092.0
1727292385343,5.685,200.0
1727292385343,5.685,200.0
1727292385343,5.685,300.0
1727292385130,5.69,23.0
1727292385767,5.704,100.0
1727292386449,5.685,100.0
1727292387640,5.685,30.0
1727292387640,5.685,5370.0
1727292387641,5.68,30.0
1727292387641,5.7001,269.0
1727292388705,5.685,400.0
1727292389127,5.685,3000.0
1727292389490,5.685,100.0
1727292391145,5.69,1.0
1727292391212,5.69,200.0
1727292391212,5.69,100.0
1727292391213,5.685,300.0
1727292391788,5.69,4.0
1727292392545,5.684,10.0
1727292393750,5.685,14.0
1727292394546,5.685,100.0
1727292394986,5.684,2000.0
1727292396077,5.69,23.0
1727292396077,5.69,77.0
1727292396077,5.685,100.0
1727292396077,5.685,300.0
1727292396077,5.685,300.0
1727292396391,5.685,200.0
1727292396487,5.6892,50.0
1727292396759,5.6986,59.0
1727292397457,5.6886,100.0
1727292397987,5.685,100.0
1727292397987,5.685,152.0
1727292397987,5.685,100.0
1727292397987,5.685,100.0
1727292397988,5.685,100.0
1727292398199,5.686,40.0
1727292463058,5.69,18.0
1727292463078,5.71,84000.0
1727292464209,5.681,14.0
1727292465069,5.6812,356.0
1727292465069,5.68,1.0
1727292465095,5.685,100.0
1727292465097,5.68,100.0
1727292465299,5.68,100.0
1727292465800,5.68,100.0
1727292465769,5.685,3392.0
1727292465797,5.685,100.0
1727292465798,5.685,800.0
1727292465799,5.68,100.0
1727292465799,5.68,11.0
1727292465799,5.68,100.0
1727292465799,5.68,89.0
1727292465799,5.68,100.0
1727292465800,5.68,11.0
1727292465800,5.68,89.0
1727292465911,5.685,50.0
1727292466569,5.6998,100.0
1727292466374,5.6805,99.0
1727292466379,5.682,201.0
1727292466405,5.68,100.0
1727292467463,5.68,100.0
1727292467600,5.68,38.0
1727292468284,5.6997,100.0
1727292468542,5.6869,40.0
1727292470908,5.685,2.0
1727292470907,5.68,25.0
1727292471205,5.6801,200.0
1727292471799,5.6812,1.0
1727292472220,5.68,1.0
1727292472445,5.68,10.0
1727292472887,5.6996,100.0
1727292474546,5.685,20.0
1727292474575,5.68,100.0
1727292475618,5.6808,20.0
1727292476395,5.6806,1000.0
1727292476422,5.68,100.0
1727292476422,5.68,49.0
1727292476422,5.68,100.0
1727292476422,5.68,100.0
1727292476422,5.68,51.0
1727292476079,5.6825,100.0
1727292477887,5.68,100.0
1727292477910,5.68,100.0
1727292478801,5.6801,1000.0
1727292478829,5.68,100.0
1727292478829,5.68,15.0
1727292478831,5.68,15.0
1727292478831,5.68,170.0
1727292478832,5.68,100.0
1727292478891,5.685,34.0
1727292480290,5.685,40.0
1727292480315,5.6862,2.0
1727292482927,5.68,100.0
1727292484441,5.682,300.0
1727292484469,5.68,100.0
1727292484485,5.6806,90.0
1727292485851,5.685,58.0
1727292485877,5.68,11.0
1727292485878,5.68,11.0
1727292485878,5.68,5.0
1727292485878,5.68,16.0
1727292485878,5.68,57.0
1727292487820,5.68,10.0
1727292487823,5.68,2.0
1727292487823,5.68,20.0
1727292487823,5.68,2.0
1727292487823,5.68,76.0
1727292487848,5.68,100.0
1727292488742,5.699,100.0
1727292488765,5.685,1700.0
1727292488807,5.68,200.0
1727292488807,5.68,269.0
1727292488807,5.68,5.0
1727292488807,5.68,100.0
1727292488807,5.68,600.0
1727292488807,5.68,1800.0
1727292488807,5.68,30.0
1727292488807,5.68,500.0
1727292488807,5.68,100.0
1727292488807,5.68,484.0
1727292488807,5.68,1.0
1727292488807,5.68,1.0
1727292488807,5.68,4.0
1727292488807,5.68,1800.0
1727292488807,5.68,1345.0
1727292488807,5.68,3439.0
1727292488807,5.68,3438.0
1727292488807,5.68,655.0
1727292488807,5.68,43.0
1727292488807,5.68,2000.0
1727292488807,5.68,1000.0
1727292488807,5.68,100.0
1727292488807,5.68,20.0
1727292488807,5.68,100.0
1727292488807,5.68,353.0
1727292488807,5.68,5.0
1727292488807,5.68,100.0
1727292488807,5.68,3438.0
1727292488807,5.68,2123.0
1727292488807,5.68,100.0
1727292488807,5.68,400.0
1727292488807,5.68,300.0
1727292488807,5.68,600.0
1727292488807,5.68,100.0
1727292488807,5.68,32.0
1727292488807,5.68,100.0
1727292488807,5.68,100.0
1727292488807,5.68,900.0
1727292488807,5.68,1.0
1727292488807,5.68,99.0
1727292488807,5.68,300.0
1727292488808,5.68,1100.0
1727292488808,5.68,30.0
1727292488808,5.675,100.0
1727292488808,5.675,100.0
1727292488809,5.675,100.0
1727292488809,5.68,3.0
1727292488810,5.68,8000.0
1727292488813,5.675,100.0
1727292488813,5.675,455.0
1727292488813,5.675,45.0
1727292488814,5.675,100.0
1727292488876,5.675,400.0
1727292490497,5.685,100.0
1727292490989,5.6959,31.0
1727292491151,5.68,5.0
1727292491215,5.6712,8.0
1727292491633,5.67,1.0
1727292491758,5.675,100.0
1727292491772,5.675,200.0
1727292492013,5.6775,104.0
1727292492452,5.6799,25.0
1727292492520,5.698,100.0
1727292493394,5.68,1748.0
1727292494094,5.67,600.0
1727292494095,5.675,100.0
1727292494100,5.67,100.0
1727292494297,5.675,5.0
1727292495080,5.6947,100.0
1727292496794,5.675,500.0
1727292496794,5.67,4500.0
1727292496794,5.675,400.0
1727292496794,5.675,231.0
1727292496794,5.68,100.0
1727292496794,5.68,300.0
1727292496794,5.675,100.0
1727292496794,5.675,100.0
1727292496794,5.675,100.0
1727292496794,5.67,200.0
1727292496795,5.67,100.0
1727292496795,5.675,300.0
1727292496795,5.675,120.0
1727292496795,5.675,100.0
1727292496795,5.675,100.0
1727292496795,5.675,200.0
1727292496795,5.675,100.0
1727292496795,5.675,300.0
1727292496795,5.675,300.0
1727292496795,5.675,100.0
1727292496795,5.675,300.0
1727292496795,5.675,100.0
1727292496795,5.675,715.0
1727292496795,5.675,100.0
1727292496795,5.675,100.0
1727292496795,5.675,400.0
1727292496795,5.675,300.0
1727292496796,5.675,111.0
1727292496796,5.675,200.0
1727292496796,5.675,293.0
1727292496997,5.675,100.0
1727292497025,5.675,3500.0
1727292497025,5.675,300.0
1727292497025,5.675,1200.0
1727292497025,5.68,100.0
1727292497025,5.68,300.0
1727292497025,5.68,300.0
1727292497025,5.675,2200.0
1727292497025,5.675,71.0
1727292497025,5.675,100.0
1727292497025,5.68,200.0
1727292497025,5.68,45.0
1727292497025,5.675,200.0
1727292497025,5.675,200.0
1727292497025,5.675,300.0
1727292497025,5.675,200.0
1727292497025,5.675,1100.0
1727292497025,5.675,325.0
1727292497025,5.675,1300.0
1727292497025,5.675,800.0
1727292497025,5.675,200.0
1727292497025,5.675,2200.0
1727292497025,5.68,45.0
1727292497025,5.675,200.0
1727292497025,5.68,300.0
1727292497025,5.68,715.0
1727292497025,5.68,100.0
1727292497025,5.68,100.0
1727292497025,5.68,120.0
1727292497025,5.68,300.0
1727292497025,5.68,100.0
1727292497025,5.68,100.0
1727292497025,5.68,100.0
1727292497025,5.68,100.0
1727292497025,5.68,82.0
1727292497025,5.675,1300.0
1727292497025,5.68,18.0
1727292497025,5.68,40.0
1727292497026,5.675,45.0
1727292497026,5.675,200.0
1727292497026,5.675,45.0
1727292497026,5.68,100.0
1727292497026,5.68,160.0
1727292497026,5.675,40.0
1727292497026,5.675,100.0
1727292497026,5.675,100.0
1727292497026,5.675,100.0
1727292497026,5.675,100.0
1727292497027,5.675,100.0
1727292497027,5.675,100.0
1727292497028,5.675,100.0
1727292497028,5.675,100.0
1727292497033,5.675,300.0
1727292497033,5.675,300.0
1727292497033,5.675,100.0
1727292497053,5.675,100.0
1727292497480,5.6725,100.0
1727292497162,5.675,100.0
1727292497348,5.6712,2.0
1727292498732,5.675,100.0
1727292498732,5.675,159.0
1727292498732,5.675,100.0
1727292498732,5.675,100.0
1727292498732,5.675,100.0
1727292498951,5.68,10.0
1727292498952,5.675,500.0
1727292498952,5.675,400.0
1727292499745,5.674,2000.0
1727292499816,5.68,1300.0
1727292501776,5.675,100.0
1727292501776,5.675,200.0
1727292501733,5.675,200.0
1727292501733,5.675,300.0
1727292503732,5.675,100.0
1727292503732,5.675,150.0
1727292503733,5.675,100.0
1727292503733,5.675,100.0
1727292503733,5.675,100.0
1727292503971,5.675,100.0
1727292504816,5.678,1.0
1727292506831,5.6768,1.0
1727292506832,5.675,2.0
1727292509206,5.6966,100.0
1727292510783,5.6722,180.0
1727292513150,5.675,100.0
1727292513154,5.675,200.0
1727292513154,5.675,300.0
1727292513160,5.675,100.0
1727292513163,5.675,100.0
1727292513164,5.675,100.0
1727292513164,5.675,100.0
1727292513168,5.675,120.0
1727292513168,5.675,76.0
1727292513170,5.675,100.0
1727292513172,5.675,100.0
1727292513173,5.675,100.0
1727292513178,5.675,100.0
1727292513180,5.675,100.0
1727292513183,5.675,100.0
1727292513185,5.675,100.0
1727292513187,5.675,100.0
1727292513188,5.675,100.0
1727292513190,5.675,100.0
1727292513191,5.675,100.0
1727292514987,5.675,200.0
1727292515524,5.675,300.0
1727292515913,5.675,300.0
1727292515916,5.675,611.0
1727292515916,5.675,263.0
1727292515916,5.675,386.0
1727292515916,5.675,293.0
1727292516773,5.675,200.0
1727292516774,5.675,200.0
1727292517784,5.67,8.0
1727292517621,5.675,200.0
1727292517621,5.675,300.0
1727292518846,5.675,600.0
1727292518091,5.675,300.0
1727292518122,5.67,200.0
1727292518122,5.67,200.0
1727292519599,5.675,400.0
1727292520000,5.671853,19.0
1727292584688,5.6792,17.0
1727292587397,5.675,367.0
1727292588804,5.6701,40.0
1727292589206,5.68,11.0
1727292589430,5.67,4.0
1727292590144,5.6714,200.0
1727292589889,5.67,20.0
1727292589889,5.67,10.0
1727292589890,5.67,6209.0
1727292590470,5.675,200.0
1727292590671,5.67,100.0
1727292592693,5.675,50.0
1727292592694,5.675,100.0
1727292593045,5.671,50.0
1727292594632,5.6799,50.0
1727292596579,5.6789,9.0
1727292598685,5.6789,1000.0
1727292598686,5.675,100.0
1727292598686,5.675,100.0
1727292598686,5.675,100.0
1727292598686,5.675,100.0
1727292598687,5.675,100.0
1727292598687,5.675,200.0
1727292598687,5.675,200.0
1727292598687,5.675,100.0
1727292598687,5.675,187.0
1727292598687,5.675,200.0
1727292598688,5.675,400.0
1727292600300,5.675,100.0
1727292600300,5.675,100.0
1727292600300,5.675,100.0
1727292600301,5.675,146.0
1727292602390,5.675,200.0
1727292602390,5.675,100.0
1727292601182,5.68,100.0
1727292602499,5.675,50.0
1727292605501,5.679,1000.0
1727292602106,5.67,300.0
1727292608215,5.68,100.0
1727292608216,5.675,200.0
1727292608217,5.675,200.0
1727292608322,5.675,100.0
1727292609528,5.6935,100.0
1727292610943,5.68,297.0
1727292611978,5.675,13.0
1727292611978,5.675,87.0
1727292611979,5.675,100.0
1727292611979,5.675,100.0
1727292611980,5.675,100.0
1727292611980,5.675,100.0
1727292611980,5.675,160.0
1727292604182,5.675,100.0
1727292602918,5.6788,80.0
1727292612238,5.67,50.0
1727292613229,5.68,500.0
1727292613229,5.675,870.0
1727292613229,5.675,2200.0
1727292613229,5.68,200.0
1727292613230,5.68,100.0
1727292613246,5.675,100.0
1727292613254,5.675,330.0
1727292604885,5.675,5.0
1727292614389,5.675,200.0
1727292613856,5.675,300.0
1727292613856,5.675,300.0
1727292613856,5.675,300.0
1727292613856,5.675,300.0
1727292613856,5.675,300.0
1727292613856,5.675,100.0
1727292613856,5.675,300.0
1727292613856,5.675,300.0
1727292613857,5.675,300.0
1727292614235,5.68,100.0
1727292612997,5.6935,100.0
1727292615778,5.675,800.0
1727292615778,5.675,700.0
1727292615778,5.675,400.0
1727292615778,5.675,2200.0
1727292615780,5.675,15.0
1727292615780,5.675,185.0
1727292616779,5.675,100.0
1727292617042,5.676702,1000.0
1727292620263,5.68,100.0
1727292620669,5.67,100.0
1727292621114,5.67,300.0
1727292621115,5.675,100.0
1727292621277,5.6932,100.0
1727292623108,5.6812,900.0
1727292623765,5.6784,500.0
1727292625826,5.68,10.0
1727292626367,5.68,100.0
1727292627266,5.675,100.0
1727292630771,5.6786,4.0
1727292631016,5.6701,5114.0
1727292631017,5.675,200.0
1727292631017,5.675,100.0
1727292631183,5.675,100.0
1727292631405,5.6783,400.0
1727292632137,5.675,100.0
1727292632137,5.675,700.0
1727292632138,5.675,100.0
1727292632138,5.675,700.0
1727292632136,5.675,100.0
1727292632137,5.675,100.0
1727292632429,5.67,25.0
1727292632572,5.67,100.0
1727292635622,5.675,600.0
1727292635622,5.675,200.0
1727292635622,5.675,100.0
1727292635624,5.675,551.0
1727292635624,5.675,180.0
1727292635624,5.675,100.0
1727292635624,5.67,16.0
1727292635624,5.675,140.0
1727292635625,5.67,11.0
1727292635625,5.67,100.0
1727292635625,5.67,100.0
1727292635625,5.67,100.0
1727292635625,5.675,100.0
1727292635625,5.67,21.0
1727292635625,5.675,274.0
1727292635625,5.67,100.0
1727292635625,5.675,225.0
1727292635625,5.67,100.0
1727292635625,5.67,100.0
1727292635625,5.67,84.0
1727292635625,5.67,68.0
1727292635625,5.67,100.0
1727292635625,5.675,84.0
1727292635625,5.67,36.0
1727292635626,5.67,134.0
1727292635626,5.67,66.0
1727292635626,5.675,100.0
1727292635863,5.67,100.0
1727292636115,5.675,100.0
1727292636115,5.675,100.0
1727292636512,5.6705,316.0
1727292638667,5.68,1.0
1727292640395,5.68,50.0
1727292640461,5.675,100.0
1727292641018,5.68,92.0
1727292708947,5.6713,400.0
1727292709470,5.6761,35.0
1727292709612,5.675,1.0
1727292710049,5.6746,161.0
1727292710760,5.675,10.0
1727292710818,5.6761,25.0
1727292711946,5.6747,100.0
1727292712419,5.6858,100.0
1727292713480,5.67,100.0
1727292714228,5.675,100.0
1727292714228,5.675,100.0
1727292714814,5.67,1.0
1727292715384,5.6701,500.0
1727292716692,5.675,10.0
1727292716038,5.6858,100.0
1727292716293,5.675,27.0
1727292716641,5.6787,4350.0
1727292716658,5.6787,7150.0
1727292718080,5.675,500.0
1727292718241,5.67,39.0
1727292718241,5.675,161.0
1727292718251,5.675,100.0
1727292718252,5.675,100.0
1727292718712,5.675,339.0
1727292719896,5.676,792.0
1727292721958,5.675,2000.0
1727292723018,5.6701,2000.0
1727292723044,5.675,20.0
1727292722623,5.6701,1000.0
1727292725330,5.6744,100.0
1727292727298,5.67,10.0
1727292727616,5.671,250.0
1727292728381,5.68,100.0
1727292728383,5.675,40.0
1727292728764,5.6746,2600.0
1727292728764,5.6746,1000.0
1727292729304,5.675,100.0
1727292730163,5.6765,23.0
1727292808170,5.67,750.0
1727292814831,5.67,5.0
1727292814833,5.67,15.0
1727292815930,5.6709,333.0
1727292822420,5.675,100.0
1727292823571,5.6706,4.0
1727292823611,5.6788,1.0
1727292823617,5.67,300.0
1727292823617,5.67,300.0
1727292823617,5.67,200.0
1727292823910,5.6758,200.0
1727292824511,5.675,600.0
1727292824511,5.675,130.0
1727292825376,5.671,200.0
1727292827687,5.6712,250.0
1727292832717,5.675,348.0
1727292832717,5.675,300.0
1727292832717,5.675,981.0
1727292832717,5.675,262.0
1727292832718,5.675,100.0
1727292832719,5.675,100.0
1727292832720,5.675,100.0
1727292832722,5.675,100.0
1727292835693,5.67,100.0
1727292835797,5.6701,11.0
1727292836431,5.675,109.0
1727292836583,5.67,100.0
1727292836583,5.67,100.0
1727292837852,5.67,100.0
1727292838020,5.68,1.0
1727292840235,5.6712,3.0
1727292841344,5.68,10.0
1727292843131,5.6705,27.0
1727292843133,5.67,100.0
1727292843133,5.67,100.0
1727292843133,5.67,100.0
1727292843266,5.67,800.0
1727292843266,5.67,300.0
1727292843266,5.67,100.0
1727292843266,5.67,11900.0
1727292843266,5.67,690.0
1727292843266,5.67,100.0
1727292843266,5.67,2523.0
1727292843266,5.67,1200.0
1727292843266,5.67,900.0
1727292843266,5.67,36.0
1727292843266,5.67,100.0
1727292843266,5.67,13.0
1727292843266,5.67,300.0
1727292843266,5.67,900.0
1727292843267,5.67,1200.0
1727292843267,5.67,90.0
1727292843267,5.67,10.0
1727292843267,5.67,1.0
1727292843267,5.67,100.0
1727292843268,5.665,100.0
1727292843268,5.665,100.0
1727292843268,5.665,100.0
1727292843268,5.665,272.0
1727292843270,5.67,1.0
1727292843271,5.66,1289.0
1727292843272,5.665,100.0
1727292843272,5.665,100.0
1727292843272,5.665,100.0
1727292843285,5.6622,1500.0
1727292843297,5.665,200.0
1727292843297,5.665,100.0
1727292843298,5.665,500.0
1727292843297,5.665,169.0
1727292844114,5.6631,1000.0
1727292848054,5.665,100.0
1727292848056,5.665,100.0
1727292848135,5.6688,10.0
1727292848135,5.67,1.0
1727292848703,5.6642,100.0
1727292849037,5.6683,232.0
1727292849667,5.665,100.0
1727292849727,5.6691,15.0
1727292850214,5.66,12.0
1727292853404,5.665,100.0
1727292853411,5.665,100.0
1727292853998,5.67,50.0
1727292855199,5.6699,1500.0
1727292855223,5.665,50.0
1727292856144,5.6625,1200.0
1727292856145,5.665,100.0
1727292856145,5.665,100.0
1727292857516,5.665,50.0
1727292857517,5.665,19.0
1727292858470,5.665,200.0
1727292858842,5.66,500.0
1727292860215,5.665,14.0
1727292860216,5.665,100.0
1727292860222,5.665,486.0
1727292860223,5.66,5.0
1727292860223,5.66,11.0
1727292860223,5.66,100.0
1727292860223,5.66,189.0
1727292860223,5.66,16.0
1727292860223,5.66,100.0
1727292860223,5.66,195.0
1727292860224,5.66,400.0
1727292860224,5.66,305.0
1727292860224,5.66,95.0
1727292860225,5.66,400.0
1727292860225,5.66,479.0
1727292860397,5.662,2000.0
1727292860776,5.6613,3000.0
1727292861767,5.665,5.0
1727292863011,5.6829,1000.0
1727292863149,5.6605,736.0
1727292864190,5.6601,148.0
1727292864815,5.67,10.0
1727292865314,5.6612,61.0
1727292865492,5.6612,1.0
1727292866498,5.665,1.0
1727292868008,5.665,5.0
1727292932253,5.6664,5.0
1727292932637,5.6605,100.0
1727292932680,5.6612,4.0
1727292932892,5.6612,1.0
1727292933371,5.67,53.0
1727292933670,5.6699,45.0
1727292934861,5.665,17.0
1727292935116,5.6663,1.0
1727292935706,5.665,1.0
1727292936231,5.665,13.0
1727292935827,5.6613,214.0
1727292936015,5.6663,40.0
1727292937956,5.665,28.0
1727292937956,5.665,574.0
1727292937956,5.665,100.0
1727292937956,5.665,58.0
1727292937957,5.665,396.0
1727292939218,5.665,100.0
1727292939224,5.665,100.0
1727292939241,5.665,100.0
1727292940275,5.665,100.0
1727292940275,5.665,100.0
1727292940275,5.665,100.0
1727292940275,5.665,100.0
1727292940275,5.665,100.0
1727292940276,5.665,200.0
1727292940276,5.665,200.0
1727292940276,5.665,200.0
1727292940276,5.665,167.0
1727292940276,5.665,200.0
1727292940428,5.6637,12.0
1727292942770,5.665,11.0
1727292943566,5.665,1.0
1727292943706,5.665,3.0
1727292943918,5.665,800.0
1727292945115,5.665,600.0
1727292945215,5.665,14.0
1727292945216,5.665,31.0
1727292945242,5.665,600.0
1727292946544,5.66,200.0
1727292946692,5.6695,10.0
1727292947708,5.665,200.0
1727292948372,5.6754,100.0
1727292952025,5.665,100.0
1727292952025,5.665,8048.0
1727292952025,5.665,100.0
1727292952040,5.665,100.0
1727292952162,5.66,300.0
1727292953256,5.665,519.0
1727292953257,5.665,200.0
1727292954352,5.665,100.0
1727292955240,5.665,100.0
1727292955247,5.665,100.0
1727292956194,5.6638,3.0
1727292957273,5.66,1.0
1727292961901,5.665,300.0
1727292961908,5.665,600.0
1727292961949,5.665,100.0
1727292962446,5.665,100.0
1727292964198,5.665,500.0
1727292964413,5.6697,2.0
1727292964430,5.6638,4.0
1727292965396,5.665,900.0
1727292965401,5.665,100.0
1727292965405,5.665,100.0
1727292965411,5.665,100.0
1727292965416,5.665,100.0
1727292965423,5.665,100.0
1727292965427,5.665,100.0
1727292965433,5.665,100.0
1727292965442,5.665,100.0
1727292965446,5.665,100.0
1727292965450,5.665,100.0
1727292965454,5.665,100.0
1727292965459,5.665,100.0
1727292965463,5.665,100.0
1727292967080,5.665,2200.0
1727292967080,5.665,1917.0
1727292967081,5.665,3710.0
1727292966447,5.665,300.0
1727292968525,5.67,160.0
1727292970718,5.67,100.0
1727292970718,5.67,50.0
1727292970718,5.67,100.0
1727292970718,5.67,60.0
1727292970718,5.665,1200.0
1727292970718,5.665,300.0
1727292970719,5.665,100.0
1727292970719,5.67,100.0
1727292970719,5.67,23.0
1727292971667,5.6698,2000.0
1727292971917,5.665,100.0
1727292971918,5.665,100.0
1727292971918,5.665,100.0
1727292971918,5.665,100.0
1727292971918,5.665,100.0
1727292971918,5.665,100.0
1727292971918,5.665,100.0
1727292971918,5.665,100.0
1727292971918,5.665,100.0
1727292971918,5.665,100.0
1727292971918,5.665,121.0
1727292971919,5.665,111.0
1727292971944,5.6699,1092.0
1727292972581,5.6661,10.0
1727292973523,5.6699,2000.0
1727292973247,5.67,11.0
1727292973247,5.67,100.0
1727292973247,5.67,100.0
1727292973247,5.67,28.0
1727292973247,5.67,16.0
1727292974569,5.67,2000.0
1727292974570,5.6657,2000.0
1727292974211,5.67,17.0
1727292974897,5.6684,1510.0
1727292976149,5.665,100.0
1727292977755,5.669,2000.0
1727292979100,5.6698,76.0
1727292979285,5.665,1.0
1727292980510,5.67,400.0
1727292980510,5.67,1500.0
1727292980510,5.67,61.0
1727292980510,5.67,20064.0
1727292980510,5.67,900.0
1727292980510,5.67,3200.0
1727292980510,5.67,65.0
1727292980510,5.67,6600.0
1727292980510,5.67,1600.0
1727292980510,5.67,200.0
1727292980510,5.67,100.0
1727292980510,5.67,55.0
1727292980510,5.67,35.0
1727292980510,5.67,1500.0
1727292980510,5.67,100.0
1727292980510,5.67,120.0
1727292980510,5.67,530.0
1727292980510,5.67,348.0
1727292980510,5.67,100.0
1727292980510,5.67,150.0
1727292980510,5.67,100.0
1727292980510,5.67,339.0
1727292980510,5.67,39.0
1727292980510,5.67,300.0
1727292980510,5.67,65.0
1727292980510,5.67,300.0
1727292980510,5.67,50.0
1727292980510,5.67,100.0
1727292980510,5.67,20.0
1727292980510,5.67,27.0
1727292980510,5.67,85.0
1727292980510,5.67,50.0
1727292980510,5.67,4109.0
1727292980510,5.67,100.0
1727292980510,5.67,1000.0
1727292980510,5.67,300.0
1727292980510,5.67,5.0
1727292980510,5.67,100.0
1727292980510,5.67,150.0
1727292980510,5.67,50.0
