timestamp(ms since Epoch),last price,volume
1727288866951,1.33239,0.0
1727288867360,1.332395,0.0
1727288869103,1.332445,0.0
1727288869240,1.33244,0.0
1727288869456,1.332445,0.0
1727288869868,1.33245,0.0
1727288870092,1.332445,0.0
1727288870330,1.33244,0.0
1727288871042,1.332445,0.0
1727288876350,1.332475,0.0
1727288876766,1.33249,0.0
1727288877106,1.332485,0.0
1727288877311,1.33249,0.0
1727288877439,1.332495,0.0
1727288877878,1.332475,0.0
1727288878332,1.33248,0.0
1727288878485,1.332485,0.0
1727288879082,1.33249,0.0
1727288879528,1.33249,0.0
1727288879340,1.332485,0.0
1727288880614,1.33251,0.0
1727288880076,1.33248,0.0
1727288880764,1.332505,0.0
1727288880260,1.33251,0.0
1727288881400,1.332495,0.0
1727288881636,1.332475,0.0
1727288881853,1.332475,0.0
1727288882218,1.33248,0.0
1727288882448,1.332485,0.0
1727288882854,1.332475,0.0
1727288882984,1.33247,0.0
1727288883349,1.332485,0.0
1727288883633,1.33246,0.0
1727288883748,1.33248,0.0
1727288884674,1.332485,0.0
1727288885053,1.332475,0.0
1727288885333,1.332485,0.0
1727288886444,1.33248,0.0
1727288887009,1.332465,0.0
1727288887348,1.332475,0.0
1727288887731,1.33247,0.0
1727288888648,1.332545,0.0
1727288888705,1.33255,0.0
1727288889155,1.33253,0.0
1727288889220,1.332535,0.0
1727288889570,1.332535,0.0
1727288889892,1.33249,0.0
1727288890000,1.33247,0.0
1727288890493,1.332475,0.0
1727288890374,1.332475,0.0
1727288890743,1.332475,0.0
1727288891098,1.33248,0.0
1727288891646,1.33247,0.0
1727288891338,1.33248,0.0
1727288891777,1.33247,0.0
1727288892316,1.33247,0.0
1727288892550,1.33248,0.0
1727288892952,1.332475,0.0
1727288893286,1.33248,0.0
1727288893653,1.33248,0.0
1727288893857,1.33248,0.0
1727288894857,1.332485,0.0
1727288895376,1.332485,0.0
1727288895744,1.33248,0.0
1727288896068,1.332475,0.0
1727288896877,1.33249,0.0
1727288897140,1.332475,0.0
1727288897711,1.33248,0.0
1727288898107,1.332475,0.0
1727288900051,1.332475,0.0
1727288900344,1.332475,0.0
1727288902377,1.33246,0.0
1727288901954,1.33246,0.0
1727288902531,1.332475,0.0
1727288903675,1.33248,0.0
1727288903902,1.332455,0.0
1727288904512,1.332465,0.0
1727288907846,1.332475,0.0
1727288908086,1.332465,0.0
1727288908340,1.33248,0.0
1727288908709,1.332475,0.0
1727288910182,1.33246,0.0
1727288910470,1.332475,0.0
1727288910913,1.33248,0.0
1727288911364,1.332465,0.0
1727288911673,1.332475,0.0
1727288912913,1.332455,0.0
1727288913161,1.332465,0.0
1727288913405,1.33246,0.0
1727288913792,1.33246,0.0
1727288914071,1.332455,0.0
1727288915172,1.332455,0.0
1727288915304,1.33245,0.0
1727288916055,1.332445,0.0
1727288917120,1.332445,0.0
1727288917615,1.332455,0.0
1727288918202,1.332435,0.0
1727288918312,1.33245,0.0
1727288918655,1.332455,0.0
1727288918857,1.332455,0.0
1727288919141,1.33245,0.0
1727288919268,1.332445,0.0
1727288920183,1.33245,0.0
1727288920682,1.33245,0.0
1727288920940,1.332455,0.0
1727288922274,1.33243,0.0
1727288922751,1.332445,0.0
1727288923092,1.33245,0.0
1727288923453,1.332435,0.0
1727288924219,1.33243,0.0
1727288924596,1.33245,0.0
1727288926001,1.332445,0.0
1727288985758,1.33278,0.0
1727288988151,1.33278,0.0
1727288989799,1.33277,0.0
1727288990258,1.332775,0.0
1727288991835,1.33277,0.0
1727288993442,1.332825,0.0
1727288993569,1.332855,0.0
1727288993922,1.33287,0.0
1727288994401,1.332855,0.0
1727288994189,1.332865,0.0
1727288994543,1.332855,0.0
1727288994830,1.33285,0.0
1727288994992,1.332865,0.0
1727288995216,1.33285,0.0
1727288995695,1.332865,0.0
1727288996183,1.33287,0.0
1727288996643,1.33287,0.0
1727288998652,1.33287,0.0
1727288999466,1.332885,0.0
1727288999707,1.332935,0.0
1727288999920,1.33292,0.0
1727289000053,1.332935,0.0
1727289000954,1.332925,0.0
1727289006206,1.33293,0.0
1727289006890,1.33293,0.0
1727289008174,1.332935,0.0
1727289008289,1.332935,0.0
1727289008611,1.33295,0.0
1727289009442,1.332955,0.0
1727289009558,1.332945,0.0
1727289009151,1.332945,0.0
1727289011196,1.33294,0.0
1727289011615,1.33294,0.0
1727289011731,1.332945,0.0
1727289012126,1.33295,0.0
1727289013048,1.33294,0.0
1727289013427,1.33288,0.0
1727289013738,1.332885,0.0
1727289013801,1.33286,0.0
1727289015720,1.33284,0.0
1727289015933,1.33288,0.0
1727289016219,1.332855,0.0
1727289016375,1.332865,0.0
1727289016622,1.332865,0.0
1727289020098,1.332865,0.0
1727289021959,1.33288,0.0
1727289024632,1.332885,0.0
1727289024829,1.332925,0.0
1727289025218,1.332895,0.0
1727289025459,1.33289,0.0
1727289025642,1.332895,0.0
1727289026024,1.3329,0.0
1727289026138,1.33291,0.0
1727289026510,1.332905,0.0
1727289026612,1.3329,0.0
1727289026826,1.332905,0.0
1727289027269,1.332895,0.0
1727289027485,1.332865,0.0
1727289028143,1.332895,0.0
1727289027654,1.3329,0.0
1727289028334,1.33289,0.0
1727289028965,1.332895,0.0
1727289029185,1.332895,0.0
1727289029469,1.332905,0.0
1727289030493,1.332895,0.0
1727289029666,1.33289,0.0
1727289029934,1.3329,0.0
1727289030261,1.33288,0.0
1727289030740,1.332895,0.0
1727289031023,1.332895,0.0
1727289031301,1.33289,0.0
1727289031699,1.33288,0.0
1727289032006,1.332885,0.0
1727289032407,1.33289,0.0
1727289032723,1.332885,0.0
1727289033025,1.33287,0.0
1727289033251,1.332885,0.0
1727289033495,1.33288,0.0
1727289033744,1.332875,0.0
1727289033956,1.33287,0.0
1727289034493,1.332865,0.0
1727289034164,1.332885,0.0
1727289035440,1.332885,0.0
1727289034558,1.332855,0.0
1727289036508,1.332885,0.0
1727289036566,1.33288,0.0
1727289037018,1.332875,0.0
1727289037221,1.33288,0.0
1727289037355,1.332885,0.0
1727289038301,1.332885,0.0
1727289038553,1.332875,0.0
1727289038762,1.332885,0.0
1727289038932,1.332865,0.0
1727289040971,1.33285,0.0
1727289041234,1.3329,0.0
1727289042787,1.3329,0.0
1727289043310,1.332895,0.0
1727289043558,1.3329,0.0
1727289043609,1.332895,0.0
1727289043850,1.332885,0.0
1727289049058,1.332855,0.0
1727289049279,1.332875,0.0
1727289106441,1.332855,0.0
1727289107403,1.332835,0.0
1727289107632,1.33282,0.0
1727289107787,1.332835,0.0
1727289108167,1.33282,0.0
1727289108220,1.332835,0.0
1727289108631,1.332835,0.0
1727289110203,1.332835,0.0
1727289111101,1.33283,0.0
1727289111308,1.33283,0.0
1727289111630,1.332835,0.0
1727289112031,1.33283,0.0
1727289112243,1.332835,0.0
1727289113407,1.332845,0.0
1727289113563,1.33284,0.0
1727289114194,1.332835,0.0
1727289115289,1.33284,0.0
1727289115683,1.33282,0.0
1727289115740,1.332835,0.0
1727289116411,1.33282,0.0
1727289117109,1.332835,0.0
1727289117844,1.332835,0.0
1727289117722,1.33282,0.0
1727289118188,1.33282,0.0
1727289118318,1.33284,0.0
1727289119408,1.33282,0.0
1727289120190,1.33284,0.0
1727289120420,1.332815,0.0
1727289120716,1.33282,0.0
1727289121008,1.332815,0.0
1727289121297,1.33282,0.0
1727289122103,1.332825,0.0
1727289121702,1.332825,0.0
1727289122298,1.33282,0.0
1727289123199,1.332865,0.0
1727289122623,1.332815,0.0
1727289122991,1.33285,0.0
1727289123471,1.33286,0.0
1727289123670,1.332855,0.0
1727289123891,1.332855,0.0
1727289124418,1.33287,0.0
1727289124190,1.332865,0.0
1727289125459,1.33286,0.0
1727289124957,1.33285,0.0
1727289125232,1.332865,0.0
1727289125669,1.332855,0.0
1727289125892,1.33286,0.0
1727289126391,1.332855,0.0
1727289126610,1.33287,0.0
1727289127277,1.33286,0.0
1727289127487,1.33286,0.0
1727289127735,1.332855,0.0
1727289127994,1.33286,0.0
1727289128249,1.332865,0.0
1727289128516,1.33285,0.0
1727289128767,1.332865,0.0
1727289128985,1.332865,0.0
1727289129261,1.33286,0.0
1727289129458,1.33285,0.0
1727289129756,1.332815,0.0
1727289129931,1.332815,0.0
1727289130079,1.33281,0.0
1727289130917,1.332795,0.0
1727289131231,1.33282,0.0
1727289136330,1.332785,0.0
1727289138097,1.332815,0.0
1727289138381,1.33282,0.0
1727289138596,1.332815,0.0
1727289138963,1.332825,0.0
1727289139833,1.33281,0.0
1727289139649,1.33283,0.0
1727289140360,1.33279,0.0
1727289141848,1.332815,0.0
1727289141605,1.3328,0.0
1727289142168,1.332805,0.0
1727289142360,1.33282,0.0
1727289142585,1.332815,0.0
1727289142711,1.33281,0.0
1727289143186,1.33281,0.0
1727289143364,1.33281,0.0
1727289143663,1.332785,0.0
1727289143841,1.332795,0.0
1727289144137,1.3328,0.0
1727289144319,1.3328,0.0
1727289144618,1.332825,0.0
1727289144939,1.33281,0.0
1727289145201,1.332795,0.0
1727289145421,1.3328,0.0
1727289145523,1.33281,0.0
1727289145922,1.3328,0.0
1727289146133,1.3328,0.0
1727289146450,1.332805,0.0
1727289147120,1.3328,0.0
1727289146668,1.332795,0.0
1727289146894,1.332805,0.0
1727289147405,1.332795,0.0
1727289147655,1.332795,0.0
1727289147934,1.332815,0.0
1727289148087,1.332795,0.0
1727289148439,1.33281,0.0
1727289148697,1.332795,0.0
1727289148955,1.3328,0.0
1727289149585,1.3328,0.0
1727289150414,1.332845,0.0
1727289149966,1.33282,0.0
1727289150135,1.33282,0.0
1727289150672,1.332825,0.0
1727289150949,1.33284,0.0
1727289151010,1.332835,0.0
1727289151891,1.33282,0.0
1727289152467,1.332825,0.0
1727289153725,1.33283,0.0
1727289154364,1.332835,0.0
1727289155204,1.33284,0.0
1727289156684,1.332875,0.0
1727289156941,1.33288,0.0
1727289157054,1.332855,0.0
1727289157385,1.332865,0.0
1727289158265,1.332875,0.0
1727289158504,1.332865,0.0
1727289158913,1.332865,0.0
1727289159950,1.33288,0.0
1727289160519,1.332855,0.0
1727289160730,1.332845,0.0
1727289160833,1.33282,0.0
1727289161150,1.332825,0.0
1727289161495,1.33282,0.0
1727289162008,1.33284,0.0
1727289162237,1.332825,0.0
1727289162592,1.33282,0.0
1727289163162,1.332835,0.0
1727289163377,1.33285,0.0
1727289163543,1.332835,0.0
1727289164176,1.33282,0.0
1727289164941,1.33282,0.0
1727289165276,1.332835,0.0
1727289165455,1.33282,0.0
1727289167484,1.33279,0.0
1727289232508,1.3326,0.0
1727289233230,1.332595,0.0
1727289233781,1.3326,0.0
1727289234109,1.3326,0.0
1727289235520,1.33257,0.0
1727289236565,1.33257,0.0
1727289236786,1.33259,0.0
1727289239517,1.33258,0.0
1727289240428,1.33259,0.0
1727289240369,1.33257,0.0
1727289240827,1.332565,0.0
1727289241122,1.33256,0.0
1727289241476,1.33256,0.0
1727289241666,1.332555,0.0
1727289241352,1.33255,0.0
1727289242118,1.33255,0.0
1727289242294,1.332535,0.0
1727289243329,1.33254,0.0
1727289243551,1.33255,0.0
1727289246266,1.332555,0.0
1727289247232,1.332555,0.0
1727289247066,1.33257,0.0
1727289247785,1.332555,0.0
1727289247931,1.33256,0.0
1727289250858,1.332525,0.0
1727289250989,1.3325,0.0
1727289251241,1.3325,0.0
1727289251584,1.332495,0.0
1727289252099,1.332495,0.0
1727289252325,1.33249,0.0
1727289252500,1.332485,0.0
1727289253005,1.33247,0.0
1727289253374,1.332495,0.0
1727289255554,1.332525,0.0
1727289254955,1.3325,0.0
1727289255389,1.332505,0.0
1727289255837,1.332525,0.0
1727289256504,1.33256,0.0
1727289256053,1.33253,0.0
1727289256368,1.332555,0.0
1727289256802,1.332565,0.0
1727289256975,1.33254,0.0
1727289261132,1.332555,0.0
1727289261380,1.33256,0.0
1727289265372,1.33257,0.0
1727289268702,1.33259,0.0
1727289268964,1.332585,0.0
1727289270055,1.332585,0.0
1727289270233,1.332585,0.0
1727289272276,1.332575,0.0
1727289273821,1.332575,0.0
1727289273943,1.33257,0.0
1727289280076,1.332565,0.0
1727289280323,1.332565,0.0
1727289280580,1.332575,0.0
1727289280631,1.332555,0.0
1727289281041,1.332565,0.0
1727289281251,1.332555,0.0
1727289281505,1.33256,0.0
1727289282109,1.33255,0.0
1727289284025,1.332565,0.0
1727289284221,1.332555,0.0
1727289284529,1.332555,0.0
1727289284741,1.332555,0.0
1727289285325,1.332555,0.0
1727289285514,1.332555,0.0
1727289285835,1.332555,0.0
1727289285907,1.33256,0.0
1727289286150,1.332555,0.0
1727289286385,1.33256,0.0
1727289286879,1.33256,0.0
1727289290588,1.33256,0.0
1727289290642,1.332555,0.0
1727289290963,1.33256,0.0
1727289349373,1.332525,0.0
1727289350058,1.33252,0.0
1727289349555,1.332525,0.0
1727289351655,1.33254,0.0
1727289351853,1.332525,0.0
1727289352176,1.33252,0.0
1727289352618,1.332535,0.0
1727289352837,1.33253,0.0
1727289353532,1.332525,0.0
1727289354433,1.33253,0.0
1727289355614,1.332505,0.0
1727289355266,1.3325,0.0
1727289355892,1.33251,0.0
1727289356647,1.332485,0.0
1727289356819,1.332495,0.0
1727289357405,1.332495,0.0
1727289358562,1.332495,0.0
1727289358753,1.332505,0.0
1727289360143,1.332505,0.0
1727289360425,1.3325,0.0
1727289360694,1.332455,0.0
1727289360952,1.33246,0.0
1727289361372,1.332455,0.0
1727289361565,1.33246,0.0
1727289362638,1.332465,0.0
1727289362937,1.33246,0.0
1727289363055,1.33247,0.0
1727289363385,1.33247,0.0
1727289363657,1.332465,0.0
1727289363975,1.33247,0.0
1727289364613,1.33249,0.0
1727289364731,1.33247,0.0
1727289365601,1.332475,0.0
1727289365948,1.332475,0.0
1727289366215,1.33245,0.0
1727289366497,1.33247,0.0
1727289366730,1.332465,0.0
1727289367738,1.332475,0.0
1727289367687,1.332485,0.0
1727289368217,1.332465,0.0
1727289368440,1.332495,0.0
1727289368640,1.332485,0.0
1727289368944,1.33247,0.0
1727289369053,1.332465,0.0
1727289369640,1.33245,0.0
1727289369955,1.332455,0.0
1727289371651,1.332495,0.0
1727289372394,1.33248,0.0
1727289372692,1.33248,0.0
1727289373363,1.332485,0.0
1727289372951,1.33248,0.0
1727289373181,1.33249,0.0
1727289374137,1.33249,0.0
1727289374408,1.332485,0.0
1727289375150,1.33249,0.0
1727289375634,1.332495,0.0
1727289375478,1.332495,0.0
1727289375864,1.3325,0.0
1727289376885,1.3325,0.0
1727289376330,1.3325,0.0
1727289377675,1.33252,0.0
1727289376542,1.332495,0.0
1727289378724,1.332505,0.0
1727289378129,1.33249,0.0
1727289377868,1.33252,0.0
1727289379002,1.332505,0.0
1727289378934,1.3325,0.0
1727289378324,1.33252,0.0
1727289379519,1.3325,0.0
1727289377115,1.3325,0.0
1727289379878,1.33251,0.0
1727289380382,1.33252,0.0
1727289381880,1.33252,0.0
1727289381737,1.332505,0.0
1727289382053,1.332515,0.0
1727289382604,1.33252,0.0
1727289383434,1.3325,0.0
1727289384054,1.33249,0.0
1727289383708,1.33248,0.0
1727289383935,1.332485,0.0
1727289384386,1.33248,0.0
1727289384593,1.332485,0.0
1727289384859,1.332485,0.0
1727289385231,1.332485,0.0
1727289385335,1.33249,0.0
1727289385750,1.332495,0.0
1727289386984,1.33246,0.0
1727289387245,1.33248,0.0
1727289387490,1.33246,0.0
1727289387749,1.332455,0.0
1727289388753,1.3325,0.0
1727289388241,1.33245,0.0
1727289388993,1.332495,0.0
1727289389050,1.3325,0.0
1727289389679,1.332505,0.0
1727289390052,1.332495,0.0
1727289390385,1.3325,0.0
1727289390876,1.33248,0.0
1727289391256,1.33251,0.0
1727289391382,1.332535,0.0
1727289396826,1.33254,0.0
1727289396888,1.332525,0.0
1727289399063,1.33254,0.0
1727289399637,1.332535,0.0
1727289400280,1.33252,0.0
1727289400590,1.332505,0.0
1727289401461,1.33251,0.0
1727289403244,1.332515,0.0
1727289403787,1.332545,0.0
1727289404009,1.332545,0.0
1727289404165,1.33254,0.0
1727289404369,1.332545,0.0
1727289404795,1.332505,0.0
1727289405079,1.33251,0.0
1727289405137,1.33253,0.0
1727289405469,1.33253,0.0
1727289405860,1.332525,0.0
1727289406091,1.33252,0.0
1727289406537,1.332505,0.0
1727289406677,1.332525,0.0
1727289407159,1.332525,0.0
1727289407384,1.33251,0.0
1727289474704,1.332675,0.0
1727289475106,1.332645,0.0
1727289475638,1.33264,0.0
1727289476369,1.332645,0.0
1727289476929,1.33264,0.0
1727289477911,1.33265,0.0
1727289478438,1.332645,0.0
1727289478616,1.332645,0.0
1727289479416,1.33264,0.0
1727289479115,1.332645,0.0
1727289480340,1.33264,0.0
1727289480620,1.332635,0.0
1727289480771,1.332635,0.0
1727289481213,1.33264,0.0
1727289481618,1.332635,0.0
1727289481862,1.33259,0.0
1727289482159,1.33259,0.0
1727289483096,1.33259,0.0
1727289483884,1.33259,0.0
1727289484006,1.332595,0.0
1727289484569,1.33259,0.0
1727289484807,1.33259,0.0
1727289485059,1.332585,0.0
1727289485408,1.33262,0.0
1727289485512,1.332625,0.0
1727289488975,1.332595,0.0
1727289489089,1.33257,0.0
1727289489737,1.332575,0.0
1727289490296,1.33257,0.0
1727289491121,1.332575,0.0
1727289492318,1.332565,0.0
1727289492569,1.33256,0.0
1727289493489,1.33251,0.0
1727289494507,1.332515,0.0
1727289498204,1.33251,0.0
1727289498651,1.332505,0.0
1727289499380,1.33252,0.0
1727289499561,1.332515,0.0
1727289499963,1.33252,0.0
1727289500280,1.33252,0.0
1727289500517,1.33252,0.0
1727289504467,1.332515,0.0
1727289506273,1.332525,0.0
1727289506503,1.33252,0.0
1727289506740,1.332525,0.0
1727289506950,1.33252,0.0
1727289507344,1.332525,0.0
1727289507723,1.33252,0.0
1727289508328,1.33252,0.0
1727289509051,1.332515,0.0
1727289508697,1.332515,0.0
1727289509311,1.33252,0.0
1727289512042,1.33254,0.0
1727289512205,1.33255,0.0
1727289512452,1.332555,0.0
1727289512928,1.33251,0.0
1727289513410,1.332515,0.0
1727289515114,1.33251,0.0
1727289515410,1.332515,0.0
1727289515719,1.332495,0.0
1727289516394,1.33247,0.0
1727289516892,1.332475,0.0
1727289517222,1.332475,0.0
1727289519173,1.332475,0.0
1727289519708,1.332475,0.0
1727289520807,1.332475,0.0
1727289521059,1.332475,0.0
1727289526848,1.3325,0.0
1727289527243,1.332475,0.0
1727289534159,1.332475,0.0
1727289533664,1.332475,0.0
1727289534762,1.33248,0.0
1727289627827,1.33247,0.0
1727289631058,1.33248,0.0
1727289631325,1.332465,0.0
1727289631554,1.33245,0.0
1727289631985,1.33246,0.0
1727289632558,1.33244,0.0
1727289632301,1.33245,0.0
1727289631828,1.33243,0.0
1727289632766,1.332445,0.0
1727289633218,1.332445,0.0
1727289633506,1.332445,0.0
1727289632974,1.332445,0.0
1727289633594,1.33245,0.0
1727289634313,1.332465,0.0
1727289634502,1.332485,0.0
1727289634951,1.33248,0.0
1727289636238,1.332465,0.0
1727289636407,1.33247,0.0
1727289637524,1.332465,0.0
1727289637841,1.33247,0.0
1727289637954,1.33248,0.0
1727289638378,1.332465,0.0
1727289639564,1.33246,0.0
1727289641444,1.332465,0.0
1727289642078,1.332455,0.0
1727289642235,1.33247,0.0
1727289643366,1.33247,0.0
1727289643528,1.332445,0.0
1727289643685,1.332465,0.0
1727289644055,1.33247,0.0
1727289646353,1.33246,0.0
1727289646791,1.33247,0.0
1727289647532,1.332455,0.0
1727289647658,1.33245,0.0
1727289648015,1.33246,0.0
1727289648929,1.33246,0.0
1727289650810,1.332465,0.0
1727289650891,1.33247,0.0
1727289651927,1.332495,0.0
1727289652309,1.33248,0.0
1727289653002,1.332475,0.0
1727289654805,1.33248,0.0
1727289656900,1.332445,0.0
1727289657103,1.332455,0.0
1727289657604,1.33247,0.0
1727289657963,1.33246,0.0
1727289660159,1.332455,0.0
1727289660383,1.332465,0.0
1727289660652,1.332455,0.0
1727289660886,1.33246,0.0
1727289661118,1.33247,0.0
1727289661231,1.332465,0.0
1727289662017,1.33245,0.0
1727289662383,1.332455,0.0
1727289661621,1.332455,0.0
1727289661843,1.33244,0.0
1727289664249,1.33245,0.0
1727289665697,1.332455,0.0
1727289667312,1.33246,0.0
1727289667685,1.332455,0.0
1727289667159,1.332435,0.0
1727289667941,1.33245,0.0
1727289668128,1.33245,0.0
1727289668423,1.332455,0.0
1727289668487,1.33245,0.0
1727289669065,1.332455,0.0
1727289669280,1.332455,0.0
1727289669659,1.332445,0.0
1727289669709,1.332455,0.0
1727289670156,1.33245,0.0
1727289670320,1.33246,0.0
1727289670665,1.332455,0.0
1727289670837,1.33245,0.0
1727289670989,1.332455,0.0
1727289671645,1.332455,0.0
1727289672056,1.332455,0.0
1727289671862,1.33245,0.0
1727289672339,1.33246,0.0
1727289672679,1.332445,0.0
1727289672861,1.33246,0.0
1727289673428,1.33246,0.0
1727289673527,1.33246,0.0
1727289675653,1.332465,0.0
1727289675725,1.33247,0.0
1727289676153,1.332465,0.0
1727289676412,1.332465,0.0
1727289677123,1.33247,0.0
1727289677527,1.332465,0.0
1727289677838,1.33247,0.0
1727289678414,1.332465,0.0
1727289678626,1.33247,0.0
1727289678777,1.332465,0.0
1727289681500,1.33247,0.0
1727289682649,1.332465,0.0
1727289746727,1.332265,0.0
1727289747014,1.332245,0.0
1727289747709,1.332235,0.0
1727289747486,1.33224,0.0
1727289751430,1.33224,0.0
1727289751787,1.332245,0.0
1727289752028,1.332245,0.0
1727289752183,1.332245,0.0
1727289753014,1.332235,0.0
1727289758938,1.332225,0.0
1727289760251,1.33221,0.0
1727289761099,1.33221,0.0
1727289761324,1.33217,0.0
1727289761646,1.332175,0.0
1727289761866,1.33217,0.0
1727289762023,1.33218,0.0
1727289763071,1.332165,0.0
1727289762543,1.33218,0.0
1727289762869,1.332175,0.0
1727289763261,1.33218,0.0
1727289763865,1.33218,0.0
1727289765622,1.33218,0.0
1727289768155,1.332165,0.0
1727289769163,1.332215,0.0
1727289769595,1.332195,0.0
1727289769296,1.3322,0.0
1727289770159,1.3322,0.0
1727289770271,1.33221,0.0
1727289771014,1.332205,0.0
1727289771214,1.33221,0.0
1727289771649,1.33221,0.0
1727289773098,1.33221,0.0
1727289773267,1.332205,0.0
1727289773649,1.33221,0.0
1727289777171,1.33221,0.0
1727289777612,1.332195,0.0
1727289777918,1.332205,0.0
1727289778106,1.3322,0.0
1727289778588,1.332205,0.0
1727289778825,1.332205,0.0
1727289779193,1.332195,0.0
1727289779297,1.332205,0.0
1727289779692,1.33219,0.0
1727289780105,1.332205,0.0
1727289780367,1.33219,0.0
1727289780956,1.332205,0.0
1727289781080,1.33221,0.0
1727289781460,1.332205,0.0
1727289781569,1.33221,0.0
1727289781886,1.332195,0.0
1727289781997,1.33218,0.0
1727289782344,1.332175,0.0
1727289782576,1.33217,0.0
1727289783171,1.33217,0.0
1727289783236,1.332175,0.0
1727289785065,1.33221,0.0
1727289785357,1.33221,0.0
1727289785605,1.33223,0.0
1727289785770,1.332255,0.0
1727289786322,1.332255,0.0
1727289786693,1.33226,0.0
1727289786751,1.332255,0.0
1727289790682,1.33231,0.0
1727289790420,1.33226,0.0
1727289791444,1.332355,0.0
1727289791698,1.332355,0.0
1727289795107,1.33236,0.0
1727289796310,1.332365,0.0
1727289797201,1.33236,0.0
1727289798334,1.332355,0.0
1727289800265,1.33236,0.0
1727289800652,1.332355,0.0
1727289800928,1.33236,0.0
1727289804762,1.3324,0.0
1727289805126,1.33237,0.0
1727289862653,1.33225,0.0
1727289863057,1.332245,0.0
1727289867344,1.332235,0.0
1727289877106,1.33224,0.0
1727289878052,1.332235,0.0
1727289879810,1.33225,0.0
1727289880384,1.332235,0.0
1727289881706,1.33224,0.0
1727289881887,1.33224,0.0
1727289887617,1.332255,0.0
1727289891096,1.33223,0.0
1727289892151,1.332225,0.0
1727289893052,1.33223,0.0
1727289893992,1.332225,0.0
1727289897695,1.33223,0.0
1727289898305,1.332225,0.0
1727289899410,1.33223,0.0
1727289901104,1.332235,0.0
1727289901239,1.332225,0.0
1727289901836,1.332215,0.0
1727289902040,1.33221,0.0
1727289902870,1.332215,0.0
1727289905913,1.332245,0.0
1727289906134,1.332255,0.0
1727289906270,1.332245,0.0
1727289906459,1.33224,0.0
1727289906919,1.332245,0.0
1727289907351,1.33224,0.0
1727289907622,1.332225,0.0
1727289907827,1.33223,0.0
1727289908178,1.332235,0.0
1727289908393,1.33224,0.0
1727289909165,1.332235,0.0
1727289911171,1.33214,0.0
1727289911405,1.332135,0.0
1727289911797,1.332135,0.0
1727289911639,1.332125,0.0
1727289912213,1.33214,0.0
1727289912375,1.332135,0.0
1727289912694,1.33215,0.0
1727289912939,1.33214,0.0
1727289913108,1.332145,0.0
1727289914191,1.33215,0.0
1727289915223,1.33216,0.0
1727289915419,1.332155,0.0
1727289915488,1.33217,0.0
1727289916232,1.332155,0.0
1727289916320,1.332165,0.0
1727289916605,1.332165,0.0
1727289916880,1.33217,0.0
1727289917150,1.33217,0.0
1727289917428,1.332175,0.0
1727289917743,1.33217,0.0
1727289918484,1.33217,0.0
1727289919185,1.332175,0.0
1727289920507,1.332175,0.0
1727289919685,1.33218,0.0
1727289919745,1.33217,0.0
1727289920139,1.33217,0.0
1727289921001,1.332165,0.0
1727289921342,1.332195,0.0
1727289921146,1.332195,0.0
1727289922950,1.3322,0.0
1727289923093,1.332205,0.0
1727289923476,1.33223,0.0
1727289923744,1.332225,0.0
1727289923975,1.332225,0.0
1727289984186,1.332335,0.0
1727289984418,1.33233,0.0
1727289986692,1.332325,0.0
1727289987365,1.33231,0.0
1727289988265,1.33233,0.0
1727289989219,1.3323,0.0
1727289989454,1.332305,0.0
1727289989679,1.3323,0.0
1727289990485,1.3323,0.0
1727289990662,1.332305,0.0
1727289990895,1.3323,0.0
1727289991225,1.332305,0.0
1727289991568,1.3323,0.0
1727289992103,1.332275,0.0
1727289992167,1.33227,0.0
1727289992535,1.33227,0.0
1727289992768,1.33228,0.0
1727289993002,1.332275,0.0
1727289993185,1.33227,0.0
1727289993857,1.33227,0.0
1727289994376,1.33227,0.0
1727289993906,1.332275,0.0
1727289994204,1.33227,0.0
1727289994831,1.33227,0.0
1727289995054,1.332265,0.0
1727289995346,1.332275,0.0
1727289995553,1.332235,0.0
1727289995802,1.33221,0.0
1727289996025,1.332225,0.0
1727289996340,1.33223,0.0
1727289997187,1.332235,0.0
1727289997489,1.33223,0.0
1727289997831,1.33223,0.0
1727289998005,1.33223,0.0
1727289998367,1.33223,0.0
1727289998596,1.33223,0.0
1727289998861,1.33223,0.0
1727289999020,1.33223,0.0
1727289999335,1.33223,0.0
1727289999469,1.332235,0.0
1727290000896,1.332265,0.0
1727290001023,1.33227,0.0
1727290001239,1.332265,0.0
1727290001825,1.332275,0.0
1727290002028,1.332275,0.0
1727290002470,1.332285,0.0
1727290002359,1.33227,0.0
1727290003852,1.332275,0.0
1727290004111,1.332275,0.0
1727290004830,1.332275,0.0
1727290004657,1.33228,0.0
1727290005174,1.33228,0.0
1727290005613,1.33228,0.0
1727290005873,1.332265,0.0
1727290006030,1.332275,0.0
1727290006210,1.33228,0.0
1727290006438,1.332275,0.0
1727290006887,1.332265,0.0
1727290007622,1.332275,0.0
1727290007673,1.332275,0.0
1727290009217,1.33227,0.0
1727290009418,1.332265,0.0
1727290009799,1.33227,0.0
1727290010055,1.332265,0.0
1727290010643,1.33227,0.0
1727290010831,1.332265,0.0
1727290011146,1.332245,0.0
1727290012922,1.332235,0.0
1727290013165,1.332205,0.0
1727290013390,1.332205,0.0
1727290013486,1.332225,0.0
1727290019690,1.33216,0.0
1727290019018,1.332205,0.0
1727290019283,1.332195,0.0
1727290019368,1.33218,0.0
1727290020007,1.332145,0.0
1727290020282,1.332155,0.0
1727290020517,1.332155,0.0
1727290021022,1.33215,0.0
1727290021298,1.332145,0.0
1727290021432,1.332155,0.0
1727290021946,1.33216,0.0
1727290024003,1.33214,0.0
1727290024139,1.332155,0.0
1727290024515,1.332155,0.0
1727290024812,1.33214,0.0
1727290024916,1.33214,0.0
1727290025245,1.332145,0.0
1727290025444,1.33215,0.0
1727290026557,1.33215,0.0
1727290026815,1.332145,0.0
1727290027012,1.332155,0.0
1727290027150,1.332145,0.0
1727290028055,1.33215,0.0
1727290028712,1.332145,0.0
1727290029055,1.33213,0.0
1727290028516,1.332145,0.0
1727290029239,1.332135,0.0
1727290029547,1.332135,0.0
1727290029806,1.33214,0.0
1727290030278,1.33216,0.0
1727290030569,1.33215,0.0
1727290030837,1.33215,0.0
1727290031053,1.332145,0.0
1727290031320,1.33214,0.0
1727290031588,1.332155,0.0
1727290031644,1.33216,0.0
1727290033326,1.332165,0.0
1727290033556,1.33215,0.0
1727290033836,1.332145,0.0
1727290034347,1.33215,0.0
1727290034538,1.33215,0.0
1727290035058,1.332145,0.0
1727290035849,1.33213,0.0
1727290035298,1.33214,0.0
1727290035910,1.332145,0.0
1727290036194,1.33215,0.0
1727290036602,1.33213,0.0
1727290036781,1.332145,0.0
1727290037025,1.33215,0.0
1727290038550,1.33214,0.0
1727290038729,1.33215,0.0
1727290039081,1.33215,0.0
1727290040529,1.33215,0.0
1727290041022,1.33214,0.0
1727290041260,1.332145,0.0
1727290041405,1.33215,0.0
1727290041756,1.33215,0.0
1727290042002,1.332145,0.0
1727290042852,1.332165,0.0
1727290103949,1.332265,0.0
1727290104121,1.33226,0.0
1727290107951,1.33226,0.0
1727290107490,1.332265,0.0
1727290107716,1.332265,0.0
1727290108165,1.332265,0.0
1727290108896,1.33225,0.0
1727290109044,1.332255,0.0
1727290110220,1.332255,0.0
1727290110000,1.33227,0.0
1727290110906,1.33225,0.0
1727290111203,1.33224,0.0
1727290111269,1.332265,0.0
1727290111584,1.332265,0.0
1727290111894,1.33224,0.0
1727290112188,1.332265,0.0
1727290112976,1.33226,0.0
1727290117884,1.33224,0.0
1727290118244,1.332235,0.0
1727290118526,1.33224,0.0
1727290119880,1.33221,0.0
1727290119719,1.332225,0.0
1727290120156,1.332225,0.0
1727290120467,1.332225,0.0
1727290120611,1.332215,0.0
1727290121277,1.332225,0.0
1727290121556,1.332235,0.0
1727290122751,1.33223,0.0
1727290122975,1.332225,0.0
1727290123238,1.332165,0.0
1727290123413,1.33216,0.0
1727290123737,1.33217,0.0
1727290123804,1.332165,0.0
1727290124197,1.332155,0.0
1727290124297,1.332145,0.0
1727290125228,1.332165,0.0
1727290124994,1.332165,0.0
1727290125456,1.332165,0.0
1727290125709,1.332165,0.0
1727290126087,1.332185,0.0
1727290127254,1.3322,0.0
1727290127439,1.332205,0.0
1727290127551,1.332195,0.0
1727290132994,1.33217,0.0
1727290133168,1.33217,0.0
1727290133980,1.3322,0.0
1727290137295,1.33218,0.0
1727290137607,1.33216,0.0
1727290138032,1.33218,0.0
1727290138211,1.332175,0.0
1727290138764,1.332195,0.0
1727290139020,1.33218,0.0
1727290139533,1.332175,0.0
1727290139795,1.33217,0.0
1727290140018,1.33217,0.0
1727290140273,1.33218,0.0
1727290140561,1.332205,0.0
1727290140796,1.3322,0.0
1727290143577,1.3322,0.0
1727290143750,1.33222,0.0
1727290149055,1.33233,0.0
1727290149206,1.33233,0.0
1727290152636,1.33233,0.0
1727290153030,1.332285,0.0
1727290153582,1.332285,0.0
1727290153632,1.33228,0.0
1727290154109,1.33227,0.0
1727290154513,1.33227,0.0
1727290154782,1.332255,0.0
1727290154894,1.33225,0.0
1727290155263,1.33225,0.0
1727290155463,1.332265,0.0
1727290156071,1.332275,0.0
1727290156182,1.332255,0.0
1727290156802,1.33224,0.0
1727290156944,1.33226,0.0
1727290157513,1.33224,0.0
1727290157673,1.33226,0.0
1727290158355,1.332245,0.0
1727290158614,1.33224,0.0
1727290159338,1.33223,0.0
1727290159482,1.332245,0.0
1727290161243,1.332265,0.0
1727290162563,1.33224,0.0
1727290163026,1.332255,0.0
1727290226185,1.33238,0.0
1727290226532,1.332385,0.0
1727290229600,1.332375,0.0
1727290231741,1.332305,0.0
1727290232148,1.3323,0.0
1727290233830,1.332265,0.0
1727290234238,1.332295,0.0
1727290237836,1.332275,0.0
1727290238273,1.33228,0.0
1727290238352,1.332275,0.0
1727290240007,1.332275,0.0
1727290239740,1.332255,0.0
1727290242987,1.332275,0.0
1727290244017,1.332255,0.0
1727290244187,1.332265,0.0
1727290244980,1.332265,0.0
1727290246299,1.33226,0.0
1727290246573,1.332255,0.0
1727290247814,1.332255,0.0
1727290248551,1.332265,0.0
1727290248789,1.33226,0.0
1727290249018,1.332265,0.0
1727290249179,1.332265,0.0
1727290249540,1.332255,0.0
1727290250307,1.332245,0.0
1727290250012,1.33226,0.0
1727290250606,1.33226,0.0
1727290250806,1.33224,0.0
1727290252770,1.332255,0.0
1727290252925,1.33224,0.0
1727290254784,1.33224,0.0
1727290254900,1.332265,0.0
1727290255703,1.33224,0.0
1727290256559,1.332265,0.0
1727290256863,1.332155,0.0
1727290257071,1.332125,0.0
1727290260089,1.332155,0.0
1727290260615,1.332125,0.0
1727290261543,1.332105,0.0
1727290262793,1.332065,0.0
1727290263437,1.332095,0.0
1727290266588,1.332095,0.0
1727290268841,1.332105,0.0
1727290269098,1.3321,0.0
1727290269148,1.332105,0.0
1727290269955,1.3321,0.0
1727290273124,1.332105,0.0
1727290273336,1.332095,0.0
1727290273537,1.33209,0.0
1727290278910,1.332085,0.0
1727290279917,1.33209,0.0
1727290280034,1.332095,0.0
1727290282785,1.332105,0.0
1727290283028,1.33209,0.0
1727290283226,1.332085,0.0
1727290350552,1.33236,0.0
1727290350619,1.33237,0.0
1727290350946,1.33236,0.0
1727290351260,1.33236,0.0
1727290351739,1.332375,0.0
1727290352223,1.33238,0.0
1727290351944,1.332385,0.0
1727290352383,1.332395,0.0
1727290352809,1.33239,0.0
1727290353057,1.332385,0.0
1727290354294,1.332395,0.0
1727290354527,1.332375,0.0
1727290354950,1.33238,0.0
1727290355476,1.332385,0.0
1727290355672,1.332385,0.0
1727290356427,1.33239,0.0
1727290357065,1.33237,0.0
1727290357451,1.33237,0.0
1727290358550,1.332375,0.0
1727290358608,1.33237,0.0
1727290359063,1.332375,0.0
1727290359145,1.332365,0.0
1727290359463,1.33237,0.0
1727290361590,1.33234,0.0
1727290361806,1.332335,0.0
1727290362034,1.332345,0.0
1727290362205,1.332335,0.0
1727290363241,1.332355,0.0
1727290363355,1.332335,0.0
1727290366067,1.332355,0.0
1727290366235,1.332345,0.0
1727290366542,1.332345,0.0
1727290366993,1.332355,0.0
1727290367341,1.332335,0.0
1727290370359,1.332345,0.0
1727290370556,1.332335,0.0
1727290371853,1.332355,0.0
1727290372027,1.332355,0.0
1727290372548,1.33235,0.0
1727290372635,1.332345,0.0
1727290373048,1.332355,0.0
1727290373776,1.332365,0.0
1727290374339,1.33238,0.0
1727290374510,1.332375,0.0
1727290374843,1.33238,0.0
1727290375064,1.33236,0.0
1727290375242,1.33237,0.0
1727290375457,1.332375,0.0
1727290375845,1.33237,0.0
1727290376061,1.33238,0.0
1727290376333,1.332385,0.0
1727290376516,1.33236,0.0
1727290377248,1.33236,0.0
1727290377803,1.33237,0.0
1727290378276,1.33236,0.0
1727290378113,1.33236,0.0
1727290378599,1.332375,0.0
1727290378836,1.332355,0.0
1727290379097,1.33237,0.0
1727290379383,1.332355,0.0
1727290379581,1.33236,0.0
1727290379865,1.332365,0.0
1727290380083,1.33236,0.0
1727290381346,1.33237,0.0
1727290380841,1.332355,0.0
1727290380893,1.33236,0.0
1727290381603,1.332375,0.0
1727290381853,1.332395,0.0
1727290382616,1.33248,0.0
1727290382770,1.332485,0.0
1727290383084,1.332485,0.0
1727290383364,1.33249,0.0
1727290383640,1.332475,0.0
1727290383806,1.33247,0.0
1727290384094,1.332475,0.0
1727290384639,1.33247,0.0
1727290384385,1.332475,0.0
1727290384756,1.33247,0.0
1727290385344,1.332475,0.0
1727290385850,1.33247,0.0
1727290385593,1.332485,0.0
1727290386041,1.33248,0.0
1727290386173,1.332475,0.0
1727290386590,1.332475,0.0
1727290386882,1.33248,0.0
1727290387144,1.33249,0.0
1727290387256,1.3325,0.0
1727290387638,1.332495,0.0
1727290388085,1.332485,0.0
1727290388334,1.332515,0.0
1727290389099,1.33252,0.0
1727290389261,1.332525,0.0
1727290389753,1.332515,0.0
1727290390082,1.33252,0.0
1727290390277,1.332505,0.0
1727290390598,1.332505,0.0
1727290390819,1.332515,0.0
1727290390946,1.33251,0.0
1727290391294,1.33249,0.0
1727290391622,1.332485,0.0
1727290391907,1.33247,0.0
1727290391959,1.332475,0.0
1727290392809,1.332465,0.0
1727290393118,1.33248,0.0
1727290393385,1.332485,0.0
1727290393601,1.33248,0.0
1727290393756,1.332475,0.0
1727290394154,1.332475,0.0
1727290394260,1.33246,0.0
1727290394523,1.332475,0.0
1727290394732,1.33249,0.0
1727290395004,1.3325,0.0
1727290395228,1.332495,0.0
1727290395575,1.332465,0.0
1727290396162,1.33247,0.0
1727290396327,1.332485,0.0
1727290396557,1.332485,0.0
1727290397353,1.332475,0.0
1727290396822,1.332475,0.0
1727290397054,1.33247,0.0
1727290397633,1.332485,0.0
1727290397880,1.33247,0.0
1727290398413,1.33245,0.0
1727290399522,1.332455,0.0
1727290399924,1.332395,0.0
1727290400047,1.33241,0.0
1727290400914,1.332405,0.0
1727290401138,1.33241,0.0
1727290401414,1.332405,0.0
1727290401641,1.33241,0.0
1727290402096,1.33241,0.0
1727290402528,1.33244,0.0
1727290402794,1.332455,0.0
1727290403144,1.332455,0.0
1727290403452,1.33246,0.0
1727290468004,1.332475,0.0
1727290474307,1.3324,0.0
1727290474462,1.33238,0.0
1727290474642,1.332395,0.0
1727290474875,1.33238,0.0
1727290475521,1.332375,0.0
1727290475783,1.33238,0.0
1727290476029,1.332395,0.0
1727290476716,1.33238,0.0
1727290476952,1.3324,0.0
1727290477081,1.33238,0.0
1727290477517,1.33238,0.0
1727290477614,1.332375,0.0
1727290477915,1.33238,0.0
1727290480826,1.33237,0.0
1727290480981,1.332385,0.0
1727290481195,1.332385,0.0
1727290483464,1.33238,0.0
1727290484549,1.33239,0.0
1727290485023,1.33238,0.0
1727290485734,1.332395,0.0
1727290486311,1.33238,0.0
1727290486923,1.3324,0.0
1727290488021,1.332385,0.0
1727290487846,1.332385,0.0
1727290488484,1.33238,0.0
1727290488798,1.33241,0.0
1727290488930,1.3324,0.0
1727290489546,1.332385,0.0
1727290489836,1.33238,0.0
1727290490402,1.332355,0.0
1727290492055,1.33235,0.0
1727290492381,1.332345,0.0
1727290492528,1.33235,0.0
1727290492873,1.332345,0.0
1727290493059,1.33234,0.0
1727290493403,1.332345,0.0
1727290493652,1.33235,0.0
1727290493859,1.33235,0.0
1727290494111,1.332345,0.0
1727290494166,1.33234,0.0
1727290494638,1.332345,0.0
1727290494752,1.33234,0.0
1727290495064,1.332345,0.0
1727290495404,1.33235,0.0
1727290495542,1.33235,0.0
1727290495674,1.332345,0.0
1727290496054,1.33234,0.0
1727290496371,1.33235,0.0
1727290497219,1.332355,0.0
1727290497711,1.33235,0.0
1727290498062,1.332345,0.0
1727290498415,1.332345,0.0
1727290499054,1.33235,0.0
1727290499305,1.332345,0.0
1727290500182,1.332355,0.0
1727290501158,1.332375,0.0
1727290501422,1.33238,0.0
1727290501620,1.33238,0.0
1727290501807,1.332395,0.0
1727290502054,1.33238,0.0
1727290502853,1.3324,0.0
1727290502991,1.332395,0.0
1727290503304,1.3324,0.0
1727290503563,1.332395,0.0
1727290504342,1.3324,0.0
1727290504687,1.332405,0.0
1727290505105,1.332395,0.0
1727290505375,1.3324,0.0
1727290506052,1.332395,0.0
1727290506936,1.3324,0.0
1727290507961,1.332395,0.0
1727290510133,1.332375,0.0
1727290510438,1.33237,0.0
1727290512483,1.332375,0.0
1727290512876,1.332365,0.0
1727290512970,1.332375,0.0
1727290513872,1.332375,0.0
1727290514053,1.332365,0.0
1727290514959,1.33238,0.0
1727290515220,1.33237,0.0
1727290515412,1.33239,0.0
1727290515484,1.332385,0.0
1727290515868,1.332375,0.0
1727290516201,1.33238,0.0
1727290516688,1.332365,0.0
1727290517263,1.33237,0.0
1727290517136,1.332375,0.0
1727290517951,1.332415,0.0
1727290518079,1.332425,0.0
1727290518233,1.33243,0.0
1727290518988,1.33241,0.0
1727290524511,1.332405,0.0
1727290524567,1.332405,0.0
1727290525796,1.332425,0.0
1727290526057,1.33241,0.0
1727290526906,1.33241,0.0
1727290526438,1.332425,0.0
1727290526680,1.33243,0.0
1727290527085,1.33243,0.0
1727290529027,1.332415,0.0
1727290531517,1.332425,0.0
1727290592358,1.33236,0.0
1727290592601,1.33235,0.0
1727290592766,1.332355,0.0
1727290592960,1.33235,0.0
1727290593770,1.332355,0.0
1727290594278,1.33235,0.0
1727290593985,1.332355,0.0
1727290594532,1.33236,0.0
1727290594851,1.332365,0.0
1727290595119,1.33235,0.0
1727290595373,1.33239,0.0
1727290595626,1.33239,0.0
1727290595744,1.33241,0.0
1727290596315,1.332375,0.0
1727290596423,1.33237,0.0
1727290596648,1.332355,0.0
1727290597520,1.332345,0.0
1727290597654,1.33234,0.0
1727290598112,1.332345,0.0
1727290598219,1.33234,0.0
1727290598865,1.332345,0.0
1727290602677,1.332345,0.0
1727290604991,1.332345,0.0
1727290605992,1.33234,0.0
1727290608481,1.332305,0.0
1727290608701,1.332305,0.0
1727290608971,1.3323,0.0
1727290609385,1.3323,0.0
1727290610002,1.33231,0.0
1727290610473,1.332305,0.0
1727290611106,1.3323,0.0
1727290611934,1.33231,0.0
1727290612236,1.33232,0.0
1727290611767,1.332305,0.0
1727290612446,1.33232,0.0
1727290612808,1.332325,0.0
1727290613145,1.33232,0.0
1727290613525,1.332315,0.0
1727290613633,1.33232,0.0
1727290614002,1.332315,0.0
1727290614109,1.33232,0.0
1727290614477,1.332345,0.0
1727290614764,1.33235,0.0
1727290614917,1.33235,0.0
1727290615373,1.33234,0.0
1727290615634,1.332335,0.0
1727290616711,1.332345,0.0
1727290616879,1.33234,0.0
1727290619176,1.33231,0.0
1727290619451,1.33231,0.0
1727290620175,1.332355,0.0
1727290620401,1.33233,0.0
1727290619747,1.332315,0.0
1727290620755,1.332305,0.0
1727290620051,1.332355,0.0
1727290621036,1.33231,0.0
1727290621143,1.332315,0.0
1727290621789,1.332315,0.0
1727290623036,1.33234,0.0
1727290623311,1.33234,0.0
1727290624368,1.332345,0.0
1727290624751,1.33235,0.0
1727290625139,1.33234,0.0
1727290625612,1.332345,0.0
1727290626268,1.33234,0.0
1727290626553,1.332345,0.0
1727290626705,1.33234,0.0
1727290627286,1.33234,0.0
1727290627344,1.332355,0.0
1727290627757,1.33236,0.0
1727290627970,1.33235,0.0
1727290628299,1.332355,0.0
1727290628463,1.33237,0.0
1727290630151,1.332365,0.0
1727290630057,1.332355,0.0
1727290631275,1.332385,0.0
1727290631764,1.33237,0.0
1727290631993,1.332375,0.0
1727290633283,1.33235,0.0
1727290633740,1.332345,0.0
1727290634302,1.33235,0.0
1727290634823,1.33235,0.0
1727290635249,1.332345,0.0
1727290635509,1.33234,0.0
1727290636076,1.33234,0.0
1727290636571,1.33234,0.0
1727290637101,1.332285,0.0
1727290637263,1.33229,0.0
1727290637949,1.332285,0.0
1727290638211,1.33229,0.0
1727290638464,1.33229,0.0
1727290638784,1.3323,0.0
1727290639103,1.3323,0.0
1727290639307,1.33229,0.0
1727290642315,1.332285,0.0
1727290642428,1.332285,0.0
1727290642823,1.332295,0.0
1727290643497,1.33228,0.0
1727290643816,1.332285,0.0
1727290644273,1.332285,0.0
1727290644742,1.33227,0.0
1727290645051,1.332275,0.0
1727290646340,1.332285,0.0
1727290646496,1.332295,0.0
1727290646865,1.33229,0.0
1727290647765,1.332285,0.0
1727290648165,1.33229,0.0
1727290652199,1.332185,0.0
1727290652098,1.332205,0.0
1727290652897,1.332175,0.0
1727290709678,1.33209,0.0
1727290710059,1.33209,0.0
1727290710540,1.332085,0.0
1727290714100,1.332075,0.0
1727290714159,1.33208,0.0
1727290714584,1.33208,0.0
1727290714951,1.332085,0.0
1727290715121,1.33208,0.0
1727290715510,1.332085,0.0
1727290715721,1.33208,0.0
1727290716103,1.332075,0.0
1727290716326,1.33208,0.0
1727290717025,1.332085,0.0
1727290717216,1.332075,0.0
1727290717863,1.33207,0.0
1727290717574,1.33208,0.0
1727290718084,1.33207,0.0
1727290718585,1.332065,0.0
1727290718936,1.332075,0.0
1727290719284,1.332075,0.0
1727290719414,1.332065,0.0
1727290721035,1.33208,0.0
1727290721478,1.332065,0.0
1727290722468,1.33207,0.0
1727290722687,1.332065,0.0
1727290723607,1.33206,0.0
1727290723879,1.33206,0.0
1727290724326,1.33207,0.0
1727290724401,1.33207,0.0
1727290724902,1.33207,0.0
1727290725340,1.33207,0.0
1727290725535,1.332065,0.0
1727290725867,1.33207,0.0
1727290725958,1.332075,0.0
1727290726271,1.33207,0.0
1727290727610,1.332065,0.0
1727290727909,1.332065,0.0
1727290728727,1.33206,0.0
1727290733903,1.332055,0.0
1727290734478,1.332065,0.0
1727290735187,1.332065,0.0
1727290735405,1.33205,0.0
1727290735587,1.33198,0.0
1727290735970,1.33198,0.0
1727290736432,1.33198,0.0
1727290736859,1.33198,0.0
1727290737430,1.33198,0.0
1727290737650,1.33198,0.0
1727290737733,1.331985,0.0
1727290738921,1.33198,0.0
1727290739460,1.33199,0.0
1727290739556,1.33198,0.0
1727290739829,1.331985,0.0
1727290740419,1.33199,0.0
1727290740908,1.33198,0.0
1727290740572,1.331985,0.0
1727290741124,1.33198,0.0
1727290741711,1.33198,0.0
1727290742695,1.33198,0.0
1727290742891,1.331975,0.0
1727290743457,1.33196,0.0
1727290743511,1.331965,0.0
1727290743970,1.33196,0.0
1727290744208,1.331965,0.0
1727290744316,1.331965,0.0
1727290745720,1.33197,0.0
1727290748991,1.331975,0.0
1727290749059,1.33197,0.0
1727290749485,1.33197,0.0
1727290749937,1.331965,0.0
1727290750131,1.331965,0.0
1727290750469,1.331975,0.0
1727290750594,1.33197,0.0
1727290751021,1.331975,0.0
1727290751471,1.33197,0.0
1727290751702,1.331975,0.0
1727290752144,1.33196,0.0
1727290752465,1.33197,0.0
1727290752535,1.331965,0.0
1727290753215,1.33196,0.0
1727290753660,1.33197,0.0
1727290754281,1.331965,0.0
1727290754881,1.33197,0.0
1727290755245,1.33197,0.0
1727290755523,1.331975,0.0
1727290755910,1.331965,0.0
1727290757941,1.331965,0.0
1727290757650,1.331965,0.0
1727290758133,1.331975,0.0
1727290758875,1.33198,0.0
1727290758657,1.331985,0.0
1727290760285,1.331975,0.0
1727290761936,1.33196,0.0
1727290762144,1.331975,0.0
1727290762511,1.331965,0.0
1727290762570,1.331975,0.0
1727290762915,1.331975,0.0
1727290763513,1.33198,0.0
1727290763687,1.331965,0.0
1727290763982,1.33197,0.0
1727290764274,1.33197,0.0
1727290764977,1.331975,0.0
1727290765097,1.331965,0.0
1727290768343,1.331965,0.0
1727290768176,1.33196,0.0
1727290768778,1.33197,0.0
1727290770675,1.33196,0.0
1727290770870,1.33197,0.0
1727290771155,1.331965,0.0
1727290771522,1.33196,0.0
1727290834539,1.33189,0.0
1727290834477,1.331905,0.0
1727290834824,1.33189,0.0
1727290835306,1.331895,0.0
1727290836150,1.331895,0.0
1727290837427,1.3319,0.0
1727290837604,1.331895,0.0
1727290839024,1.331895,0.0
1727290839344,1.331915,0.0
1727290840401,1.33191,0.0
1727290840628,1.33193,0.0
1727290840777,1.33193,0.0
1727290841022,1.331925,0.0
1727290841495,1.331955,0.0
1727290841606,1.331945,0.0
1727290841891,1.33194,0.0
1727290842519,1.331925,0.0
1727290846866,1.33193,0.0
1727290847366,1.331925,0.0
1727290847974,1.33193,0.0
1727290848276,1.331935,0.0
1727290848612,1.33193,0.0
1727290848859,1.331935,0.0
1727290849526,1.331965,0.0
1727290849706,1.331965,0.0
1727290850012,1.331955,0.0
1727290850157,1.33195,0.0
1727290850751,1.331925,0.0
1727290850294,1.331955,0.0
1727290850864,1.331955,0.0
1727290851545,1.33198,0.0
1727290852076,1.331995,0.0
1727290851902,1.331985,0.0
1727290853466,1.33205,0.0
1727290853654,1.33206,0.0
1727290852534,1.33204,0.0
1727290851431,1.331985,0.0
1727290853967,1.33206,0.0
1727290852701,1.332025,0.0
1727290853015,1.332025,0.0
1727290853134,1.33202,0.0
1727290854610,1.332065,0.0
1727290855181,1.332075,0.0
1727290855359,1.33207,0.0
1727290855660,1.332065,0.0
1727290856695,1.332065,0.0
1727290857260,1.332065,0.0
1727290857917,1.33207,0.0
1727290858265,1.332065,0.0
1727290858375,1.332065,0.0
1727290857791,1.332075,0.0
1727290858771,1.33205,0.0
1727290864248,1.332085,0.0
1727290864310,1.33208,0.0
1727290864659,1.332085,0.0
1727290864843,1.33208,0.0
1727290865941,1.332075,0.0
1727290867228,1.33208,0.0
1727290866292,1.33208,0.0
1727290867479,1.33209,0.0
1727290867653,1.3321,0.0
1727290867013,1.332085,0.0
1727290868899,1.3321,0.0
1727290867914,1.332095,0.0
1727290873018,1.332065,0.0
1727290873244,1.332075,0.0
1727290873294,1.33206,0.0
1727290873839,1.332065,0.0
1727290874138,1.33207,0.0
1727290874373,1.332075,0.0
1727290874547,1.33207,0.0
1727290874946,1.332075,0.0
1727290875273,1.33207,0.0
1727290875357,1.332075,0.0
1727290875711,1.33208,0.0
1727290877009,1.33207,0.0
1727290877246,1.33208,0.0
1727290879499,1.33207,0.0
1727290879776,1.33207,0.0
1727290880026,1.33206,0.0
1727290880295,1.33207,0.0
1727290880930,1.332075,0.0
1727290881197,1.33207,0.0
1727290882072,1.332065,0.0
1727290883630,1.33207,0.0
1727290883295,1.33207,0.0
1727290883506,1.332075,0.0
1727290884021,1.332075,0.0
1727290884794,1.33207,0.0
1727290884374,1.33207,0.0
1727290884867,1.33207,0.0
1727290885604,1.332065,0.0
1727290885552,1.332065,0.0
1727290886030,1.332065,0.0
1727290886201,1.332065,0.0
1727290886519,1.332075,0.0
1727290886573,1.33207,0.0
1727291139134,1.332125,0.0
1727291137558,1.332125,0.0
1727291141031,1.332125,0.0
1727291140714,1.332125,0.0
1727291141568,1.33212,0.0
1727291142352,1.33215,0.0
1727291141888,1.33212,0.0
1727291142527,1.33215,0.0
1727291146589,1.33209,0.0
1727291146859,1.332085,0.0
1727291147035,1.332085,0.0
1727291147356,1.33208,0.0
1727291148233,1.332085,0.0
1727291148623,1.33208,0.0
1727291149867,1.332085,0.0
1727291149991,1.33209,0.0
1727291150151,1.332085,0.0
1727291150561,1.33209,0.0
1727291150837,1.332085,0.0
1727291151374,1.332115,0.0
1727291151489,1.33211,0.0
1727291151764,1.33212,0.0
1727291153283,1.332095,0.0
1727291156775,1.332115,0.0
1727291157113,1.332125,0.0
1727291157331,1.332105,0.0
1727291157586,1.33211,0.0
1727291157851,1.33211,0.0
1727291157977,1.332135,0.0
1727291158192,1.33215,0.0
1727291158484,1.332115,0.0
1727291158914,1.332115,0.0
1727291159127,1.33212,0.0
1727291159382,1.33212,0.0
1727291159639,1.332115,0.0
1727291159902,1.33212,0.0
1727291160413,1.33211,0.0
1727291160012,1.33213,0.0
1727291160524,1.332125,0.0
1727291160836,1.33211,0.0
1727291161180,1.33213,0.0
1727291161122,1.332125,0.0
1727291161765,1.332115,0.0
1727291161621,1.33212,0.0
1727291164090,1.332115,0.0
1727291164799,1.332095,0.0
1727291164675,1.332095,0.0
1727291165097,1.33209,0.0
1727291166142,1.332095,0.0
1727291166378,1.33209,0.0
1727291167180,1.33209,0.0
1727291166816,1.332095,0.0
1727291167441,1.33209,0.0
1727291168097,1.33209,0.0
1727291167930,1.332095,0.0
1727291171576,1.332095,0.0
1727291175102,1.332065,0.0
1727291177825,1.33207,0.0
1727291177587,1.332065,0.0
1727291178225,1.332085,0.0
1727291178659,1.332075,0.0
1727291179395,1.33208,0.0
1727291179530,1.332075,0.0
1727291179974,1.332075,0.0
1727291180219,1.332075,0.0
1727291180910,1.33209,0.0
1727291180271,1.33207,0.0
1727291180632,1.33207,0.0
1727291189620,1.332105,0.0
1727291189836,1.332095,0.0
1727291189938,1.33211,0.0
1727291190281,1.332115,0.0
1727291190489,1.33212,0.0
1727291190845,1.33209,0.0
1727291190896,1.332115,0.0
1727291191377,1.332105,0.0
1727291191543,1.332105,0.0
1727291191868,1.332095,0.0
1727291192109,1.332105,0.0
1727291192335,1.332115,0.0
1727291193136,1.332105,0.0
1727291192513,1.3321,0.0
1727291193242,1.332115,0.0
1727291193630,1.332105,0.0
1727291193841,1.33211,0.0
1727291194329,1.33213,0.0
1727291194004,1.332135,0.0
1727291194541,1.332145,0.0
1727291260357,1.332185,0.0
1727291260538,1.332195,0.0
1727291261199,1.33219,0.0
1727291261407,1.332205,0.0
1727291261582,1.332195,0.0
1727291261867,1.33219,0.0
1727291262119,1.332195,0.0
1727291262360,1.33219,0.0
1727291262705,1.332195,0.0
1727291262932,1.3322,0.0
1727291263169,1.332195,0.0
1727291263416,1.3322,0.0
1727291263701,1.3322,0.0
1727291263755,1.332195,0.0
1727291264361,1.33219,0.0
1727291264715,1.332185,0.0
1727291264871,1.33219,0.0
1727291265323,1.33219,0.0
1727291265588,1.33219,0.0
1727291265964,1.3322,0.0
1727291266188,1.332165,0.0
1727291266435,1.33216,0.0
1727291267150,1.33219,0.0
1727291267276,1.332165,0.0
1727291267665,1.332175,0.0
1727291267970,1.332175,0.0
1727291268207,1.33214,0.0
1727291268422,1.332155,0.0
1727291268647,1.33215,0.0
1727291269677,1.33215,0.0
1727291268939,1.33215,0.0
1727291269215,1.332145,0.0
1727291269343,1.332145,0.0
1727291269854,1.33215,0.0
1727291270071,1.332155,0.0
1727291270359,1.33216,0.0
1727291270815,1.33216,0.0
1727291271243,1.33216,0.0
1727291271452,1.332155,0.0
1727291271740,1.33215,0.0
1727291272221,1.33215,0.0
1727291272452,1.33215,0.0
1727291273191,1.33215,0.0
1727291273425,1.332145,0.0
1727291273740,1.332145,0.0
1727291273995,1.33214,0.0
1727291274211,1.332155,0.0
1727291274496,1.332155,0.0
1727291274611,1.33216,0.0
1727291275737,1.332155,0.0
1727291277355,1.332155,0.0
1727291280225,1.33214,0.0
1727291280503,1.33213,0.0
1727291280607,1.33215,0.0
1727291281029,1.33215,0.0
1727291281213,1.332145,0.0
1727291281502,1.33217,0.0
1727291282720,1.33215,0.0
1727291283651,1.332165,0.0
1727291283869,1.33219,0.0
1727291285631,1.332195,0.0
1727291285919,1.3322,0.0
1727291286258,1.3322,0.0
1727291286435,1.332225,0.0
1727291287277,1.33224,0.0
1727291287333,1.332245,0.0
1727291288288,1.33224,0.0
1727291288786,1.332235,0.0
1727291288985,1.33223,0.0
1727291290996,1.33225,0.0
1727291291302,1.33225,0.0
1727291291788,1.33225,0.0
1727291292068,1.332235,0.0
1727291292737,1.332245,0.0
1727291292178,1.332245,0.0
1727291292452,1.33224,0.0
1727291292987,1.332235,0.0
1727291293325,1.332255,0.0
1727291293554,1.33225,0.0
1727291293817,1.33225,0.0
1727291294521,1.33225,0.0
1727291296019,1.332245,0.0
1727291297004,1.33227,0.0
1727291296562,1.332265,0.0
1727291296755,1.332265,0.0
1727291297399,1.33226,0.0
1727291297819,1.33226,0.0
1727291298753,1.332295,0.0
1727291299328,1.332295,0.0
1727291300351,1.332295,0.0
1727291303375,1.33228,0.0
1727291303092,1.3323,0.0
1727291303426,1.332275,0.0
1727291304654,1.332255,0.0
1727291306411,1.33226,0.0
1727291305836,1.332265,0.0
1727291306065,1.33227,0.0
1727291306334,1.33227,0.0
1727291307994,1.33229,0.0
1727291308598,1.332305,0.0
1727291308260,1.33231,0.0
1727291308822,1.332305,0.0
1727291309034,1.332305,0.0
1727291309528,1.33231,0.0
1727291309794,1.332305,0.0
1727291310141,1.33231,0.0
1727291310525,1.33231,0.0
1727291310796,1.332325,0.0
1727291313880,1.33234,0.0
1727291314060,1.332345,0.0
1727291319383,1.332265,0.0
1727291319724,1.33229,0.0
1727291381105,1.33224,0.0
1727291385006,1.33224,0.0
1727291388701,1.33224,0.0
1727291388824,1.332245,0.0
1727291389509,1.33224,0.0
1727291389878,1.332265,0.0
1727291390292,1.33225,0.0
1727291390351,1.332245,0.0
1727291391319,1.33224,0.0
1727291392122,1.332245,0.0
1727291393465,1.33224,0.0
1727291394113,1.332255,0.0
1727291397737,1.33224,0.0
1727291398541,1.332205,0.0
1727291398012,1.33221,0.0
1727291398772,1.332165,0.0
1727291398883,1.33218,0.0
1727291399205,1.33218,0.0
1727291399406,1.332185,0.0
1727291399712,1.33218,0.0
1727291400021,1.3322,0.0
1727291400247,1.332215,0.0
1727291400743,1.33224,0.0
1727291401572,1.332225,0.0
1727291401977,1.33224,0.0
1727291402256,1.332235,0.0
1727291405056,1.33224,0.0
1727291405232,1.332245,0.0
1727291406071,1.33224,0.0
1727291406310,1.33224,0.0
1727291406547,1.33224,0.0
1727291406741,1.332245,0.0
1727291407063,1.33224,0.0
1727291408115,1.332235,0.0
1727291408607,1.33224,0.0
1727291409368,1.33221,0.0
1727291409318,1.332205,0.0
1727291409744,1.332205,0.0
1727291409954,1.33221,0.0
1727291411433,1.332225,0.0
1727291412199,1.332225,0.0
1727291412450,1.33221,0.0
1727291413390,1.332235,0.0
1727291413887,1.33224,0.0
1727291414842,1.332265,0.0
1727291413322,1.33224,0.0
1727291414544,1.332235,0.0
1727291415017,1.33224,0.0
1727291416073,1.332245,0.0
1727291415326,1.332245,0.0
1727291416641,1.33224,0.0
1727291416204,1.332245,0.0
1727291417573,1.332245,0.0
1727291415444,1.332255,0.0
1727291417304,1.332245,0.0
1727291415635,1.332245,0.0
1727291419708,1.332235,0.0
1727291420388,1.332205,0.0
1727291420611,1.33219,0.0
1727291421106,1.332195,0.0
1727291423076,1.33223,0.0
1727291423130,1.332225,0.0
1727291425878,1.33226,0.0
1727291426373,1.332255,0.0
1727291428524,1.332255,0.0
1727291428682,1.332245,0.0
1727291429597,1.33225,0.0
1727291431644,1.332245,0.0
1727291431821,1.332255,0.0
1727291432785,1.33225,0.0
1727291434459,1.332245,0.0
1727291434830,1.33226,0.0
1727291435102,1.332235,0.0
1727291435181,1.332225,0.0
1727291436125,1.332215,0.0
1727291436232,1.33222,0.0
1727291437796,1.332225,0.0
1727291438349,1.33222,0.0
1727291502301,1.332145,0.0
1727291502624,1.332145,0.0
1727291502812,1.33215,0.0
1727291503058,1.332145,0.0
1727291504136,1.332145,0.0
1727291503869,1.33215,0.0
1727291504516,1.33215,0.0
1727291506891,1.33216,0.0
1727291507047,1.33215,0.0
1727291507371,1.332165,0.0
1727291508367,1.332145,0.0
1727291508885,1.33214,0.0
1727291509119,1.33213,0.0
1727291512807,1.33217,0.0
1727291518316,1.332095,0.0
1727291518652,1.33207,0.0
1727291518763,1.332075,0.0
1727291519005,1.33207,0.0
1727291519248,1.332075,0.0
1727291519519,1.332075,0.0
1727291520339,1.33207,0.0
1727291520525,1.332075,0.0
1727291520851,1.332085,0.0
1727291520962,1.33207,0.0
1727291521353,1.332065,0.0
1727291521599,1.33207,0.0
1727291521905,1.332065,0.0
1727291522014,1.33207,0.0
1727291522395,1.33208,0.0
1727291522448,1.332075,0.0
1727291522817,1.33207,0.0
1727291522933,1.332075,0.0
1727291523299,1.332075,0.0
1727291523665,1.33207,0.0
1727291524471,1.33209,0.0
1727291526811,1.3321,0.0
1727291528542,1.332105,0.0
1727291528902,1.3321,0.0
1727291528978,1.332105,0.0
1727291530462,1.33211,0.0
1727291533036,1.33211,0.0
1727291532941,1.332105,0.0
1727291534416,1.33212,0.0
1727291534477,1.33211,0.0
1727291536357,1.33211,0.0
1727291539441,1.332145,0.0
1727291539170,1.33214,0.0
1727291539680,1.33216,0.0
1727291539731,1.332155,0.0
1727291540407,1.33215,0.0
1727291540193,1.332155,0.0
1727291542321,1.33216,0.0
1727291542142,1.332155,0.0
1727291542646,1.332155,0.0
1727291542848,1.33216,0.0
1727291544106,1.332195,0.0
1727291544748,1.332205,0.0
1727291544798,1.3322,0.0
1727291546148,1.3322,0.0
1727291546975,1.332205,0.0
1727291547216,1.332215,0.0
1727291547411,1.332205,0.0
1727291547579,1.332235,0.0
1727291550835,1.332195,0.0
1727291550777,1.332195,0.0
1727291551153,1.332195,0.0
1727291552857,1.33219,0.0
1727291554496,1.33219,0.0
1727291556610,1.33216,0.0
1727291557940,1.332155,0.0
1727291558119,1.33216,0.0
1727291623546,1.332185,0.0
1727291624059,1.33218,0.0
1727291624658,1.332185,0.0
1727291625164,1.3322,0.0
1727291625226,1.332195,0.0
1727291626635,1.33212,0.0
1727291630409,1.33214,0.0
1727291630469,1.332145,0.0
1727291631813,1.33214,0.0
1727291632437,1.332135,0.0
1727291632702,1.332135,0.0
1727291632756,1.33214,0.0
1727291634691,1.332135,0.0
1727291634888,1.33215,0.0
1727291636281,1.332155,0.0
1727291636147,1.332145,0.0
1727291636873,1.33215,0.0
1727291638202,1.33215,0.0
1727291638896,1.332155,0.0
1727291639282,1.33216,0.0
1727291643350,1.33212,0.0
1727291645009,1.332135,0.0
1727291646050,1.33213,0.0
1727291646822,1.332105,0.0
1727291646304,1.332125,0.0
1727291646644,1.332105,0.0
1727291647353,1.33211,0.0
1727291647612,1.332115,0.0
1727291647886,1.33211,0.0
1727291648058,1.33211,0.0
1727291648403,1.33214,0.0
1727291648537,1.332145,0.0
1727291648701,1.33214,0.0
1727291649328,1.33214,0.0
1727291649751,1.332145,0.0
1727291650711,1.33216,0.0
1727291651134,1.33219,0.0
1727291651388,1.33219,0.0
1727291651504,1.33218,0.0
1727291652102,1.33218,0.0
1727291651924,1.332185,0.0
1727291652327,1.332195,0.0
1727291652587,1.332195,0.0
1727291652941,1.33221,0.0
1727291652877,1.3322,0.0
1727291654114,1.33221,0.0
1727291653812,1.332205,0.0
1727291654442,1.332205,0.0
1727291654550,1.33221,0.0
1727291654823,1.332205,0.0
1727291655179,1.33221,0.0
1727291655336,1.332235,0.0
1727291657430,1.33223,0.0
1727291660201,1.33223,0.0
1727291660724,1.332235,0.0
1727291661668,1.33216,0.0
1727291660996,1.33223,0.0
1727291661252,1.332235,0.0
1727291661909,1.332165,0.0
1727291662649,1.332175,0.0
1727291663058,1.33217,0.0
1727291664120,1.33215,0.0
1727291664658,1.332155,0.0
1727291664457,1.33215,0.0
1727291664965,1.33215,0.0
1727291665067,1.33216,0.0
1727291669519,1.33216,0.0
1727291670464,1.33214,0.0
1727291671053,1.332145,0.0
1727291670645,1.33214,0.0
1727291671700,1.33214,0.0
1727291671856,1.332145,0.0
1727291672574,1.33211,0.0
1727291672839,1.332115,0.0
1727291672456,1.332125,0.0
1727291673048,1.33212,0.0
1727291673321,1.332115,0.0
1727291674154,1.33211,0.0
1727291674387,1.332115,0.0
1727291674757,1.332045,0.0
1727291674914,1.332005,0.0
1727291675154,1.33201,0.0
1727291675644,1.332,0.0
1727291675902,1.331995,0.0
1727291676248,1.332,0.0
1727291676446,1.332,0.0
1727291676783,1.332005,0.0
1727291676970,1.332,0.0
1727291678051,1.33201,0.0
1727291678164,1.332,0.0
1727291680010,1.332005,0.0
1727291680510,1.331995,0.0
1727291680789,1.332005,0.0
1727291682042,1.332005,0.0
1727291682530,1.331995,0.0
1727291734601,1.331965,0.0
1727291739597,1.33198,0.0
1727291739762,1.331975,0.0
1727291740066,1.33198,0.0
1727291740339,1.33197,0.0
1727291740618,1.331985,0.0
1727291741120,1.331975,0.0
1727291741430,1.33197,0.0
1727291741668,1.331975,0.0
1727291742123,1.33197,0.0
1727291743311,1.33197,0.0
1727291743485,1.331975,0.0
1727291743685,1.33197,0.0
1727291744489,1.331975,0.0
1727291745021,1.33197,0.0
1727291746210,1.331985,0.0
1727291747136,1.332015,0.0
1727291747265,1.332025,0.0
1727291747553,1.332015,0.0
1727291749610,1.332,0.0
1727291749765,1.332015,0.0
1727291750050,1.33201,0.0
1727291750274,1.332005,0.0
1727291750635,1.332005,0.0
1727291750759,1.33202,0.0
1727291751570,1.33204,0.0
1727291752752,1.332045,0.0
1727291752962,1.33204,0.0
1727291753731,1.332045,0.0
1727291754120,1.33208,0.0
1727291754169,1.332095,0.0
1727291754650,1.332075,0.0
1727291754913,1.33208,0.0
1727291755322,1.33207,0.0
1727291755533,1.332075,0.0
1727291755855,1.33207,0.0
1727291760249,1.332065,0.0
1727291760137,1.33207,0.0
1727291760827,1.33207,0.0
1727291761058,1.332075,0.0
1727291761238,1.33207,0.0
1727291762342,1.332075,0.0
1727291763100,1.33207,0.0
1727291763440,1.332075,0.0
1727291763941,1.33207,0.0
1727291764076,1.332075,0.0
1727291764830,1.33207,0.0
1727291765363,1.33207,0.0
1727291765655,1.332075,0.0
1727291764991,1.332075,0.0
1727291766160,1.33207,0.0
1727291766492,1.332075,0.0
1727291767132,1.33209,0.0
1727291767435,1.33208,0.0
1727291767630,1.332075,0.0
1727291768054,1.33208,0.0
1727291775289,1.332075,0.0
1727291777971,1.332075,0.0
1727291778279,1.33208,0.0
1727291779351,1.332075,0.0
1727291779513,1.33208,0.0
1727291781688,1.33207,0.0
1727291782405,1.332075,0.0
1727291784178,1.332025,0.0
1727291784851,1.331995,0.0
1727291785451,1.332,0.0
1727291785668,1.331995,0.0
1727291786846,1.332,0.0
1727291787607,1.332,0.0
1727291787427,1.331995,0.0
1727291788552,1.33197,0.0
1727291788463,1.33197,0.0
1727291795051,1.33199,0.0
1727291856001,1.332135,0.0
1727291856234,1.33214,0.0
1727291856407,1.33213,0.0
1727291856938,1.332135,0.0
1727291857431,1.33212,0.0
1727291859066,1.332135,0.0
1727291859318,1.33214,0.0
1727291860001,1.33212,0.0
1727291860068,1.332125,0.0
1727291866441,1.33213,0.0
1727291867241,1.332135,0.0
1727291868426,1.33213,0.0
1727291868596,1.332135,0.0
1727291869364,1.332145,0.0
1727291870142,1.33213,0.0
1727291869652,1.332145,0.0
1727291869821,1.332125,0.0
1727291870278,1.332135,0.0
1727291870671,1.33204,0.0
1727291870936,1.332045,0.0
1727291871100,1.332045,0.0
1727291871284,1.33205,0.0
1727291871523,1.33204,0.0
1727291872509,1.332045,0.0
1727291873421,1.332035,0.0
1727291872709,1.33205,0.0
1727291873041,1.332045,0.0
1727291873703,1.33204,0.0
1727291873936,1.332045,0.0
1727291874829,1.332055,0.0
1727291874151,1.33204,0.0
1727291875209,1.332055,0.0
1727291875435,1.33206,0.0
1727291875813,1.332045,0.0
1727291875975,1.33205,0.0
1727291876833,1.33205,0.0
1727291877053,1.332045,0.0
1727291876675,1.332045,0.0
1727291878451,1.332045,0.0
1727291878147,1.33205,0.0
1727291878630,1.332045,0.0
1727291878740,1.33206,0.0
1727291879160,1.33206,0.0
1727291879215,1.332055,0.0
1727291879849,1.33205,0.0
1727291880384,1.332065,0.0
1727291880200,1.33206,0.0
1727291880865,1.332075,0.0
1727291881028,1.33207,0.0
1727291881586,1.33207,0.0
1727291881234,1.332065,0.0
1727291881771,1.332075,0.0
1727291882214,1.33207,0.0
1727291882415,1.332075,0.0
1727291883057,1.33208,0.0
1727291883443,1.332105,0.0
1727291883954,1.332105,0.0
1727291884033,1.3321,0.0
1727291884592,1.332105,0.0
1727291884997,1.33211,0.0
1727291885471,1.33213,0.0
1727291885701,1.332125,0.0
1727291886189,1.332125,0.0
1727291886968,1.33211,0.0
1727291888550,1.33209,0.0
1727291888947,1.332075,0.0
1727291889169,1.33207,0.0
1727291889457,1.33207,0.0
1727291889962,1.332065,0.0
1727291890460,1.33207,0.0
1727291891061,1.332075,0.0
1727291891804,1.33207,0.0
1727291892310,1.332075,0.0
1727291892609,1.33207,0.0
1727291892947,1.332075,0.0
1727291893163,1.33207,0.0
1727291894106,1.33207,0.0
1727291897135,1.332085,0.0
1727291897486,1.3321,0.0
1727291897746,1.332095,0.0
1727291898113,1.3321,0.0
1727291898475,1.332095,0.0
1727291898525,1.3321,0.0
1727291899830,1.3321,0.0
1727291900123,1.33209,0.0
1727291902480,1.33211,0.0
1727291902649,1.3321,0.0
1727291902809,1.332105,0.0
1727291903209,1.3321,0.0
1727291903331,1.3321,0.0
1727291905484,1.332105,0.0
1727291905745,1.33208,0.0
1727291905946,1.332075,0.0
1727291907480,1.33207,0.0
1727291908195,1.33207,0.0
1727291908476,1.332075,0.0
1727291908686,1.33207,0.0
1727291910102,1.33207,0.0
1727291911456,1.332065,0.0
1727291912634,1.332075,0.0
1727291914467,1.33207,0.0
1727291977292,1.33203,0.0
1727291977473,1.33204,0.0
1727291977798,1.332045,0.0
1727291978074,1.332045,0.0
1727291978193,1.33205,0.0
1727291978830,1.33205,0.0
1727291979486,1.332045,0.0
1727291979750,1.33204,0.0
1727291979882,1.33203,0.0
1727291980220,1.332045,0.0
1727291980801,1.332055,0.0
1727291981040,1.33203,0.0
1727291981326,1.332025,0.0
1727291981556,1.332025,0.0
1727291981846,1.332045,0.0
1727291982326,1.332045,0.0
1727291981996,1.33203,0.0
1727291982501,1.332025,0.0
1727291982797,1.33205,0.0
1727291983040,1.33203,0.0
1727291983248,1.33204,0.0
1727291983472,1.33204,0.0
1727291983800,1.33203,0.0
1727291983944,1.33204,0.0
1727291984325,1.332035,0.0
1727291984523,1.332045,0.0
1727291984704,1.33204,0.0
1727291985103,1.332045,0.0
1727291985285,1.332035,0.0
1727291985552,1.33203,0.0
1727291985768,1.332035,0.0
1727291986079,1.332045,0.0
1727291986307,1.332045,0.0
1727291986494,1.33204,0.0
1727291986811,1.33204,0.0
1727291986982,1.332035,0.0
1727291987252,1.33203,0.0
1727291987566,1.332035,0.0
1727291987688,1.33203,0.0
1727291988087,1.33204,0.0
1727291988267,1.33203,0.0
1727291988471,1.332045,0.0
1727291989054,1.332045,0.0
1727291990818,1.332025,0.0
1727291991096,1.33204,0.0
1727291996264,1.33204,0.0
1727291996603,1.332045,0.0
1727291996729,1.33204,0.0
1727291996947,1.33204,0.0
1727291997284,1.332045,0.0
1727291997500,1.33204,0.0
1727291997806,1.33204,0.0
1727291997898,1.332035,0.0
1727291998234,1.332035,0.0
1727291998410,1.33204,0.0
1727291999191,1.332045,0.0
1727291999616,1.33203,0.0
1727291999870,1.332035,0.0
1727292000302,1.33203,0.0
1727292000046,1.332025,0.0
1727292000616,1.332035,0.0
1727292000676,1.33203,0.0
1727292001270,1.33204,0.0
1727292001075,1.332045,0.0
1727292001531,1.33204,0.0
1727292002047,1.332045,0.0
1727292002333,1.33204,0.0
1727292002606,1.33204,0.0
1727292002718,1.332055,0.0
1727292003033,1.33203,0.0
1727292003366,1.33204,0.0
1727292003477,1.332035,0.0
1727292004112,1.332035,0.0
1727292004246,1.332045,0.0
1727292004603,1.332045,0.0
1727292004879,1.33204,0.0
1727292005034,1.33204,0.0
1727292005330,1.332045,0.0
1727292005599,1.33204,0.0
1727292005801,1.332055,0.0
1727292006601,1.33204,0.0
1727292006116,1.332035,0.0
1727292006879,1.332035,0.0
1727292006274,1.33205,0.0
1727292007107,1.332045,0.0
1727292007358,1.332055,0.0
1727292007851,1.33204,0.0
1727292007623,1.33204,0.0
1727292008034,1.332045,0.0
1727292008390,1.33203,0.0
1727292008598,1.33203,0.0
1727292008833,1.332045,0.0
1727292009114,1.332055,0.0
1727292009333,1.33204,0.0
1727292009621,1.33204,0.0
1727292009880,1.332045,0.0
1727292010036,1.33204,0.0
1727292010386,1.33204,0.0
1727292010884,1.33203,0.0
1727292010576,1.332045,0.0
1727292011044,1.332035,0.0
1727292011395,1.332035,0.0
1727292011618,1.33206,0.0
1727292012053,1.332065,0.0
1727292012385,1.332065,0.0
1727292012585,1.33206,0.0
1727292013307,1.33206,0.0
1727292013655,1.33206,0.0
1727292013964,1.33206,0.0
1727292014509,1.33206,0.0
1727292014967,1.33206,0.0
1727292014851,1.33207,0.0
1727292015803,1.33207,0.0
1727292016368,1.332065,0.0
1727292016155,1.332065,0.0
1727292017075,1.33206,0.0
1727292017349,1.332055,0.0
1727292017654,1.33207,0.0
1727292017887,1.332065,0.0
1727292018118,1.33207,0.0
1727292018287,1.332065,0.0
1727292018659,1.332065,0.0
1727292018901,1.33207,0.0
1727292019072,1.332065,0.0
1727292019343,1.33207,0.0
1727292019853,1.332065,0.0
1727292020101,1.332065,0.0
1727292020347,1.33207,0.0
1727292020680,1.332065,0.0
1727292020628,1.33207,0.0
1727292021095,1.332065,0.0
1727292021347,1.33207,0.0
1727292021610,1.33207,0.0
1727292022154,1.33206,0.0
1727292022961,1.332065,0.0
1727292023408,1.33207,0.0
1727292022667,1.332065,0.0
1727292022837,1.332075,0.0
1727292023551,1.332065,0.0
1727292024254,1.33207,0.0
1727292023882,1.33207,0.0
1727292024112,1.33206,0.0
1727292024890,1.332065,0.0
1727292025585,1.332065,0.0
1727292025774,1.33206,0.0
1727292026144,1.332065,0.0
1727292026364,1.33207,0.0
1727292026689,1.33207,0.0
1727292027438,1.33207,0.0
1727292027653,1.332065,0.0
1727292027939,1.332065,0.0
1727292028062,1.332065,0.0
1727292028593,1.33207,0.0
1727292028886,1.33206,0.0
1727292029684,1.332055,0.0
1727292029910,1.332055,0.0
1727292030170,1.33204,0.0
1727292030384,1.332055,0.0
1727292031203,1.332045,0.0
1727292031595,1.332065,0.0
1727292031459,1.332055,0.0
1727292032025,1.33205,0.0
1727292032650,1.33205,0.0
1727292032962,1.332065,0.0
1727292033113,1.332055,0.0
1727292033363,1.33205,0.0
1727292033667,1.33207,0.0
1727292033899,1.332065,0.0
1727292095813,1.332055,0.0
1727292095378,1.33206,0.0
1727292099784,1.332065,0.0
1727292100602,1.33207,0.0
1727292100784,1.33207,0.0
1727292101005,1.33207,0.0
1727292101264,1.332085,0.0
1727292102065,1.33207,0.0
1727292103180,1.332065,0.0
1727292103554,1.332055,0.0
1727292112567,1.33204,0.0
1727292112864,1.332055,0.0
1727292113333,1.33204,0.0
1727292114822,1.332065,0.0
1727292115082,1.33204,0.0
1727292114278,1.332065,0.0
1727292115255,1.33204,0.0
1727292115590,1.33204,0.0
1727292115849,1.33204,0.0
1727292116098,1.332065,0.0
1727292117068,1.33204,0.0
1727292117397,1.33204,0.0
1727292119110,1.332035,0.0
1727292119414,1.33205,0.0
1727292119500,1.33206,0.0
1727292120076,1.332065,0.0
1727292120663,1.332065,0.0
1727292126646,1.33207,0.0
1727292126893,1.33206,0.0
1727292127059,1.332065,0.0
1727292128250,1.332055,0.0
1727292130108,1.33205,0.0
1727292130411,1.332055,0.0
1727292138626,1.33207,0.0
1727292138950,1.332065,0.0
1727292139381,1.33206,0.0
1727292143426,1.332055,0.0
1727292143531,1.33206,0.0
1727292144721,1.33207,0.0
1727292144934,1.332075,0.0
1727292145395,1.33207,0.0
1727292145675,1.332085,0.0
1727292145974,1.332075,0.0
1727292146189,1.332095,0.0
1727292146610,1.33209,0.0
1727292147117,1.332075,0.0
1727292147458,1.33208,0.0
1727292149078,1.33207,0.0
1727292150446,1.332075,0.0
1727292150527,1.33207,0.0
1727292151260,1.33207,0.0
1727292151551,1.332075,0.0
1727292151801,1.33207,0.0
1727292153358,1.33209,0.0
1727292153618,1.332085,0.0
1727292153746,1.33207,0.0
1727292154136,1.332075,0.0
1727292154488,1.33209,0.0
1727292154728,1.33207,0.0
1727292154843,1.33209,0.0
1727292156666,1.332065,0.0
1727292156785,1.33206,0.0
1727292221592,1.332065,0.0
1727292222065,1.33206,0.0
1727292222268,1.332065,0.0
1727292222610,1.33206,0.0
1727292222780,1.33206,0.0
1727292223016,1.332065,0.0
1727292223452,1.332065,0.0
1727292224668,1.332075,0.0
1727292225144,1.33206,0.0
1727292225864,1.332065,0.0
1727292225980,1.33206,0.0
1727292224912,1.332065,0.0
1727292225545,1.332065,0.0
1727292226146,1.332065,0.0
1727292227019,1.33206,0.0
1727292227593,1.33206,0.0
1727292228141,1.332055,0.0
1727292228382,1.33203,0.0
1727292228907,1.332035,0.0
1727292231543,1.332055,0.0
1727292231848,1.33202,0.0
1727292232102,1.332035,0.0
1727292232326,1.332045,0.0
1727292232633,1.332045,0.0
1727292232698,1.33205,0.0
1727292233148,1.33205,0.0
1727292233635,1.332045,0.0
1727292233267,1.332045,0.0
1727292234151,1.332025,0.0
1727292235032,1.33204,0.0
1727292234896,1.332035,0.0
1727292234651,1.332035,0.0
1727292234324,1.332035,0.0
1727292235855,1.33204,0.0
1727292237351,1.332035,0.0
1727292237628,1.33203,0.0
1727292237843,1.33203,0.0
1727292236365,1.33203,0.0
1727292238923,1.33204,0.0
1727292236154,1.332035,0.0
1727292239061,1.332035,0.0
1727292239333,1.331965,0.0
1727292238258,1.332035,0.0
1727292236646,1.332035,0.0
1727292236861,1.332035,0.0
1727292236970,1.33203,0.0
1727292239601,1.331965,0.0
1727292239888,1.331965,0.0
1727292240362,1.33198,0.0
1727292240165,1.331955,0.0
1727292240650,1.331975,0.0
1727292240928,1.33197,0.0
1727292241905,1.331965,0.0
1727292242843,1.33197,0.0
1727292243104,1.331975,0.0
1727292243891,1.33198,0.0
1727292244204,1.33198,0.0
1727292244918,1.331975,0.0
1727292244402,1.331975,0.0
1727292245100,1.33199,0.0
1727292244562,1.33198,0.0
1727292245261,1.331995,0.0
1727292245945,1.332005,0.0
1727292245673,1.33199,0.0
1727292246605,1.33199,0.0
1727292246836,1.331985,0.0
1727292247202,1.331995,0.0
1727292247381,1.33199,0.0
1727292247550,1.331995,0.0
1727292247750,1.332,0.0
1727292248175,1.331995,0.0
1727292248664,1.33201,0.0
1727292248798,1.332005,0.0
1727292249179,1.33201,0.0
1727292249238,1.331995,0.0
1727292249836,1.33199,0.0
1727292250947,1.332005,0.0
1727292250277,1.331995,0.0
1727292250546,1.331995,0.0
1727292251002,1.332,0.0
1727292256146,1.33203,0.0
1727292260584,1.332035,0.0
1727292260767,1.33203,0.0
1727292261009,1.332035,0.0
1727292261327,1.33203,0.0
1727292261759,1.33203,0.0
1727292262044,1.33203,0.0
1727292264024,1.332025,0.0
1727292264301,1.33203,0.0
1727292265353,1.332035,0.0
1727292265500,1.33203,0.0
1727292265827,1.332025,0.0
1727292266618,1.33203,0.0
1727292267346,1.332005,0.0
1727292267451,1.332005,0.0
1727292268855,1.33199,0.0
1727292268976,1.331995,0.0
1727292269358,1.33199,0.0
1727292269412,1.331995,0.0
1727292269799,1.331965,0.0
1727292270351,1.33197,0.0
1727292270493,1.331965,0.0
1727292275409,1.33196,0.0
1727292275460,1.331965,0.0
1727292277435,1.331965,0.0
1727292342458,1.331955,0.0
1727292342714,1.33195,0.0
1727292342964,1.331955,0.0
1727292343149,1.331965,0.0
1727292343482,1.33195,0.0
1727292343651,1.331935,0.0
1727292343987,1.331965,0.0
1727292344062,1.331955,0.0
1727292344394,1.33195,0.0
1727292344925,1.33195,0.0
1727292344694,1.33196,0.0
1727292345223,1.33196,0.0
1727292345562,1.331965,0.0
1727292345953,1.33196,0.0
1727292346238,1.331935,0.0
1727292346478,1.331945,0.0
1727292346651,1.33194,0.0
1727292346869,1.331935,0.0
1727292347227,1.331945,0.0
1727292347466,1.33194,0.0
1727292347632,1.331935,0.0
1727292348188,1.331935,0.0
1727292348488,1.331955,0.0
1727292348645,1.331945,0.0
1727292348992,1.331955,0.0
1727292349223,1.331955,0.0
1727292349437,1.33196,0.0
1727292349673,1.33196,0.0
1727292349934,1.331955,0.0
1727292350044,1.33195,0.0
1727292350968,1.331945,0.0
1727292351185,1.33195,0.0
1727292351757,1.331955,0.0
1727292351963,1.33195,0.0
1727292352086,1.33195,0.0
1727292352342,1.331955,0.0
1727292352921,1.33194,0.0
1727292352698,1.331945,0.0
1727292353041,1.331945,0.0
1727292353489,1.331965,0.0
1727292353604,1.33195,0.0
1727292353793,1.331955,0.0
1727292354174,1.33195,0.0
1727292354629,1.33196,0.0
1727292354928,1.331955,0.0
1727292355518,1.331955,0.0
1727292356101,1.331955,0.0
1727292356432,1.33195,0.0
1727292356586,1.331955,0.0
1727292356832,1.33195,0.0
1727292358276,1.33196,0.0
1727292357383,1.331955,0.0
1727292357754,1.33195,0.0
1727292357928,1.33195,0.0
1727292358501,1.331965,0.0
1727292358763,1.331955,0.0
1727292359227,1.33195,0.0
1727292359521,1.33196,0.0
1727292359963,1.33196,0.0
1727292360203,1.33196,0.0
1727292360315,1.331965,0.0
1727292361377,1.33195,0.0
1727292361254,1.33195,0.0
1727292361775,1.331955,0.0
1727292362011,1.331955,0.0
1727292362237,1.331955,0.0
1727292362477,1.331955,0.0
1727292362782,1.331895,0.0
1727292364490,1.33189,0.0
1727292362847,1.331875,0.0
1727292364103,1.331875,0.0
1727292364737,1.331875,0.0
1727292363206,1.33186,0.0
1727292363423,1.331885,0.0
1727292364887,1.33188,0.0
1727292365192,1.33189,0.0
1727292366112,1.33189,0.0
1727292367245,1.331895,0.0
1727292369288,1.33188,0.0
1727292369401,1.331895,0.0
1727292369758,1.33188,0.0
1727292369952,1.33187,0.0
1727292370550,1.33187,0.0
1727292370242,1.33187,0.0
1727292370606,1.331875,0.0
1727292371014,1.331865,0.0
1727292371180,1.331865,0.0
1727292371530,1.33188,0.0
1727292371728,1.331895,0.0
1727292372006,1.33188,0.0
1727292372213,1.331865,0.0
1727292372520,1.331875,0.0
1727292372804,1.331875,0.0
1727292373000,1.331875,0.0
1727292373230,1.33188,0.0
1727292373777,1.331875,0.0
1727292374025,1.33188,0.0
1727292374306,1.331895,0.0
1727292374548,1.331875,0.0
1727292373488,1.331885,0.0
1727292374796,1.331865,0.0
1727292374846,1.331885,0.0
1727292375238,1.33187,0.0
1727292375464,1.331875,0.0
1727292375747,1.33189,0.0
1727292376005,1.331865,0.0
1727292376278,1.331885,0.0
1727292376740,1.331865,0.0
1727292377021,1.331865,0.0
1727292377256,1.331875,0.0
1727292377562,1.33187,0.0
1727292377628,1.331875,0.0
1727292378802,1.33186,0.0
1727292378541,1.33185,0.0
1727292378972,1.33187,0.0
1727292379084,1.331865,0.0
1727292379711,1.33188,0.0
1727292379534,1.33187,0.0
1727292380052,1.331875,0.0
1727292380173,1.33187,0.0
1727292380402,1.331885,0.0
1727292380762,1.331865,0.0
1727292381046,1.331875,0.0
1727292386678,1.331885,0.0
1727292386965,1.331865,0.0
1727292387016,1.331885,0.0
1727292387428,1.331865,0.0
1727292387656,1.331885,0.0
1727292387815,1.331885,0.0
1727292388199,1.331885,0.0
1727292388428,1.33188,0.0
1727292388708,1.331885,0.0
1727292388985,1.33187,0.0
1727292389223,1.33188,0.0
1727292389468,1.33188,0.0
1727292389700,1.331885,0.0
1727292389893,1.33188,0.0
1727292390226,1.331865,0.0
1727292390670,1.331885,0.0
1727292390454,1.331885,0.0
1727292390896,1.33188,0.0
1727292391472,1.33187,0.0
1727292391531,1.331885,0.0
1727292391964,1.33188,0.0
1727292392200,1.33188,0.0
1727292392493,1.33189,0.0
1727292392699,1.33188,0.0
1727292392994,1.331865,0.0
1727292393229,1.331885,0.0
1727292394461,1.331875,0.0
1727292393703,1.331865,0.0
1727292394742,1.331875,0.0
1727292394001,1.33188,0.0
1727292394907,1.331865,0.0
1727292395450,1.331875,0.0
1727292394157,1.33186,0.0
1727292395221,1.33187,0.0
1727292395692,1.331875,0.0
1727292396458,1.331875,0.0
1727292396618,1.331865,0.0
1727292396882,1.331845,0.0
1727292397256,1.331885,0.0
1727292397470,1.33187,0.0
1727292397716,1.331855,0.0
1727292397893,1.331865,0.0
1727292398228,1.331885,0.0
1727292398411,1.33189,0.0
1727292398758,1.33186,0.0
1727292399010,1.331885,0.0
1727292464770,1.331865,0.0
1727292465021,1.331855,0.0
1727292465512,1.33186,0.0
1727292465308,1.33186,0.0
1727292465630,1.33185,0.0
1727292465946,1.33186,0.0
1727292466301,1.33186,0.0
1727292466557,1.331855,0.0
1727292466609,1.33185,0.0
1727292467622,1.331835,0.0
1727292467285,1.331845,0.0
1727292467404,1.33185,0.0
1727292468067,1.33184,0.0
1727292468486,1.331845,0.0
1727292469089,1.33184,0.0
1727292469373,1.33185,0.0
1727292470011,1.331845,0.0
1727292469710,1.331835,0.0
1727292470323,1.33184,0.0
1727292471075,1.331855,0.0
1727292471191,1.33184,0.0
1727292471569,1.33184,0.0
1727292471629,1.33185,0.0
1727292473086,1.33184,0.0
1727292473239,1.33185,0.0
1727292474979,1.331835,0.0
1727292475287,1.331835,0.0
1727292475476,1.33184,0.0
1727292475746,1.331835,0.0
1727292475969,1.331835,0.0
1727292476582,1.331845,0.0
1727292476688,1.331835,0.0
1727292476940,1.33184,0.0
1727292477122,1.331835,0.0
1727292477507,1.331845,0.0
1727292477687,1.331835,0.0
1727292477920,1.331835,0.0
1727292479085,1.331835,0.0
1727292479562,1.331855,0.0
1727292479704,1.33184,0.0
1727292479947,1.33184,0.0
1727292480306,1.331855,0.0
1727292480452,1.331835,0.0
1727292480684,1.331835,0.0
1727292481062,1.33183,0.0
1727292481175,1.331835,0.0
1727292482482,1.33183,0.0
1727292482736,1.33184,0.0
1727292482894,1.331835,0.0
1727292483599,1.331835,0.0
1727292483817,1.33183,0.0
1727292484051,1.33183,0.0
1727292484252,1.331835,0.0
1727292484454,1.33183,0.0
1727292484636,1.331835,0.0
1727292485057,1.33183,0.0
1727292485277,1.331835,0.0
1727292485498,1.33183,0.0
1727292487247,1.331835,0.0
1727292487822,1.33184,0.0
1727292490102,1.33184,0.0
1727292490289,1.331835,0.0
1727292491353,1.331835,0.0
1727292492660,1.33184,0.0
1727292493373,1.331845,0.0
1727292493814,1.331835,0.0
1727292494088,1.33183,0.0
1727292494261,1.33183,0.0
1727292494600,1.33184,0.0
1727292495115,1.331835,0.0
1727292495257,1.33184,0.0
1727292495577,1.33184,0.0
1727292496182,1.331835,0.0
1727292495810,1.331835,0.0
1727292496558,1.33184,0.0
1727292495956,1.331845,0.0
1727292496842,1.331835,0.0
1727292496977,1.33186,0.0
1727292497321,1.331875,0.0
1727292497625,1.33187,0.0
1727292497674,1.331855,0.0
1727292498035,1.33187,0.0
1727292498239,1.33186,0.0
1727292498530,1.331855,0.0
1727292499088,1.33184,0.0
1727292499615,1.33183,0.0
1727292499370,1.331835,0.0
1727292499820,1.33183,0.0
1727292500108,1.331835,0.0
1727292501375,1.331835,0.0
1727292502373,1.33184,0.0
1727292502757,1.331835,0.0
1727292502611,1.33184,0.0
1727292503350,1.331835,0.0
1727292504228,1.331835,0.0
1727292504535,1.33184,0.0
1727292505122,1.331835,0.0
1727292505580,1.33184,0.0
1727292505805,1.331835,0.0
1727292506041,1.33184,0.0
1727292506175,1.331835,0.0
1727292507638,1.33186,0.0
1727292508167,1.331835,0.0
1727292507690,1.331845,0.0
1727292508392,1.33183,0.0
1727292510051,1.331845,0.0
1727292510883,1.33184,0.0
1727292511121,1.331835,0.0
1727292511179,1.33183,0.0
1727292516583,1.331845,0.0
1727292516903,1.33185,0.0
1727292517885,1.33184,0.0
1727292518153,1.331845,0.0
1727292518415,1.331845,0.0
1727292518824,1.33184,0.0
1727292519182,1.331855,0.0
1727292519389,1.331855,0.0
1727292519556,1.33185,0.0
1727292519862,1.33185,0.0
1727292520156,1.33185,0.0
1727292520423,1.331855,0.0
1727292520757,1.331855,0.0
1727292521850,1.33186,0.0
1727292522038,1.331845,0.0
1727292522395,1.33186,0.0
1727292522648,1.33186,0.0
1727292523865,1.33186,0.0
1727292524105,1.331865,0.0
1727292583746,1.33173,0.0
1727292584101,1.331735,0.0
1727292584553,1.33174,0.0
1727292586425,1.33174,0.0
1727292587027,1.331725,0.0
1727292587545,1.33173,0.0
1727292587252,1.33173,0.0
1727292588361,1.33174,0.0
1727292588659,1.331735,0.0
1727292589239,1.33174,0.0
1727292589654,1.33176,0.0
1727292589704,1.33175,0.0
1727292591552,1.33179,0.0
1727292592083,1.3318,0.0
1727292593652,1.33176,0.0
1727292592509,1.331795,0.0
1727292592811,1.331785,0.0
1727292593157,1.33176,0.0
1727292593989,1.331745,0.0
1727292595647,1.331775,0.0
1727292595754,1.33178,0.0
1727292596217,1.331775,0.0
1727292597400,1.33175,0.0
1727292597520,1.33174,0.0
1727292600187,1.331735,0.0
1727292605995,1.3317,0.0
1727292603159,1.331715,0.0
1727292606343,1.33172,0.0
1727292610334,1.33172,0.0
1727292612263,1.331745,0.0
1727292614671,1.331755,0.0
1727292614916,1.331855,0.0
1727292615183,1.33186,0.0
1727292615412,1.331855,0.0
1727292615632,1.33186,0.0
1727292616141,1.33186,0.0
1727292617119,1.331855,0.0
1727292616224,1.331865,0.0
1727292617453,1.33186,0.0
1727292615692,1.331865,0.0
1727292616514,1.331865,0.0
1727292616883,1.33185,0.0
1727292618929,1.33187,0.0
1727292619573,1.33185,0.0
1727292619052,1.331855,0.0
1727292620641,1.33186,0.0
1727292619379,1.33186,0.0
1727292621611,1.331895,0.0
1727292622170,1.33193,0.0
1727292622595,1.331945,0.0
1727292622775,1.33194,0.0
1727292623177,1.33194,0.0
1727292623406,1.331945,0.0
1727292623610,1.331945,0.0
1727292623859,1.33195,0.0
1727292624190,1.331945,0.0
1727292624459,1.33195,0.0
1727292625387,1.331945,0.0
1727292625678,1.331945,0.0
1727292625855,1.33194,0.0
1727292626229,1.331945,0.0
1727292628100,1.33195,0.0
1727292629547,1.331945,0.0
1727292629773,1.33195,0.0
1727292630061,1.331945,0.0
1727292631394,1.33195,0.0
1727292631591,1.331945,0.0
1727292631805,1.33194,0.0
1727292632096,1.331945,0.0
1727292632232,1.33195,0.0
1727292632945,1.331935,0.0
1727292638825,1.33193,0.0
1727292639118,1.331935,0.0
1727292640093,1.331875,0.0
1727292640260,1.33186,0.0
1727292710930,1.331855,0.0
1727292720700,1.331855,0.0
1727292722241,1.33189,0.0
1727292722529,1.33189,0.0
1727292723143,1.331855,0.0
1727292721237,1.331865,0.0
1727292722648,1.331895,0.0
1727292723381,1.331865,0.0
1727292721473,1.331865,0.0
1727292723602,1.331845,0.0
1727292723972,1.331845,0.0
1727292724088,1.331855,0.0
1727292726022,1.331885,0.0
1727292726253,1.33187,0.0
1727292726698,1.331855,0.0
1727292726971,1.33189,0.0
1727292728112,1.331885,0.0
1727292729037,1.33189,0.0
1727292729170,1.33189,0.0
1727292729648,1.33189,0.0
1727292730007,1.331895,0.0
1727292730283,1.33191,0.0
1727292730712,1.33189,0.0
1727292730525,1.33189,0.0
1727292816910,1.331725,0.0
1727292817780,1.33176,0.0
1727292818442,1.33175,0.0
1727292818061,1.33176,0.0
1727292819367,1.331735,0.0
1727292818597,1.33176,0.0
1727292818904,1.331745,0.0
1727292823365,1.33173,0.0
1727292823906,1.331735,0.0
1727292824176,1.33174,0.0
1727292824400,1.33174,0.0
1727292824696,1.33168,0.0
1727292824942,1.331725,0.0
1727292825132,1.33173,0.0
1727292825242,1.331735,0.0
1727292825616,1.33173,0.0
1727292827208,1.331735,0.0
1727292828444,1.331735,0.0
1727292829241,1.33172,0.0
1727292829858,1.33173,0.0
1727292830038,1.33172,0.0
1727292831482,1.331735,0.0
1727292836716,1.33173,0.0
1727292836893,1.331735,0.0
1727292837435,1.33173,0.0
1727292838186,1.331725,0.0
1727292839170,1.331735,0.0
1727292841555,1.33174,0.0
1727292842034,1.331735,0.0
1727292843018,1.33174,0.0
1727292843509,1.331735,0.0
1727292843772,1.331705,0.0
1727292843877,1.33171,0.0
1727292844178,1.33171,0.0
1727292844318,1.331705,0.0
1727292844688,1.331685,0.0
1727292844823,1.3317,0.0
1727292845185,1.331685,0.0
1727292845526,1.331695,0.0
1727292845701,1.331695,0.0
1727292845839,1.3317,0.0
1727292846273,1.33171,0.0
1727292846519,1.331715,0.0
1727292846640,1.33171,0.0
1727292848185,1.331705,0.0
1727292848478,1.33171,0.0
1727292848690,1.33171,0.0
1727292849043,1.33169,0.0
1727292849531,1.3317,0.0
1727292849609,1.331705,0.0
1727292851286,1.331705,0.0
1727292851493,1.33169,0.0
1727292851600,1.331705,0.0
1727292852585,1.331745,0.0
1727292851998,1.33176,0.0
1727292852105,1.33174,0.0
1727292852913,1.33174,0.0
1727292855117,1.331745,0.0
1727292855691,1.33175,0.0
1727292855910,1.331745,0.0
1727292856198,1.331745,0.0
1727292856527,1.33175,0.0
1727292856640,1.331745,0.0
1727292856857,1.33174,0.0
1727292857316,1.331675,0.0
1727292857789,1.33167,0.0
1727292858453,1.33168,0.0
1727292859253,1.331675,0.0
1727292859777,1.33167,0.0
1727292859380,1.33168,0.0
1727292860302,1.331655,0.0
1727292860533,1.331675,0.0
1727292861068,1.331675,0.0
1727292861188,1.33168,0.0
1727292860791,1.331665,0.0
1727292861441,1.331675,0.0
1727292863202,1.331665,0.0
1727292932455,1.33167,0.0
1727292933295,1.331675,0.0
1727292933851,1.331665,0.0
1727292935560,1.331665,0.0
1727292936490,1.33165,0.0
1727292937435,1.33167,0.0
1727292937624,1.331665,0.0
1727292937948,1.33166,0.0
1727292938192,1.331675,0.0
1727292939982,1.33167,0.0
1727292940263,1.331675,0.0
1727292940375,1.33168,0.0
1727292940651,1.331685,0.0
1727292946508,1.33168,0.0
1727292947199,1.33169,0.0
1727292948421,1.33169,0.0
1727292949617,1.33169,0.0
1727292951022,1.331695,0.0
1727292951095,1.33169,0.0
1727292951625,1.331675,0.0
1727292952241,1.33167,0.0
1727292953007,1.331665,0.0
1727292953235,1.33167,0.0
1727292955806,1.33167,0.0
1727292955755,1.331665,0.0
1727292956413,1.33167,0.0
1727292957284,1.33168,0.0
1727292957351,1.331685,0.0
1727292957946,1.33169,0.0
1727292960129,1.33168,0.0
1727292960703,1.33169,0.0
1727292960995,1.331665,0.0
1727292961271,1.33167,0.0
1727292961462,1.331675,0.0
1727292962921,1.331675,0.0
1727292963667,1.33168,0.0
1727292964028,1.33168,0.0
1727292965099,1.331685,0.0
1727292965038,1.331675,0.0
1727292966066,1.33168,0.0
1727292968881,1.331675,0.0
1727292970027,1.33168,0.0
1727292971074,1.331665,0.0
1727292971560,1.331665,0.0
1727292971756,1.33168,0.0
1727292971872,1.33169,0.0
1727292973455,1.331675,0.0
1727292973257,1.33168,0.0
1727292975051,1.331645,0.0
1727292975192,1.33163,0.0
1727292975576,1.331645,0.0
1727292976835,1.331645,0.0
1727292976364,1.33163,0.0
1727292977023,1.331645,0.0
1727292977275,1.331645,0.0
1727292977443,1.33163,0.0
1727292977602,1.33163,0.0
1727292982337,1.33163,0.0
1727292982860,1.331625,0.0
1727292984604,1.331555,0.0
1727292984740,1.331565,0.0
1727292985316,1.331575,0.0
1727292986016,1.33158,0.0
1727292987055,1.33157,0.0
1727292986759,1.331575,0.0
1727292987147,1.331575,0.0
1727292987579,1.33158,0.0
1727292987889,1.331575,0.0
1727292988134,1.33158,0.0
1727293055466,1.331645,0.0
1727293055777,1.331655,0.0
1727293055942,1.33165,0.0
1727293056534,1.33165,0.0
1727293057254,1.331645,0.0
1727293057368,1.33165,0.0
1727293060310,1.331585,0.0
1727293060360,1.33155,0.0
1727293071827,1.33157,0.0
1727293071929,1.33155,0.0
1727293078924,1.33155,0.0
1727293078849,1.331555,0.0
1727293080155,1.331555,0.0
1727293080780,1.33155,0.0
1727293086858,1.331575,0.0
1727293087008,1.33157,0.0
1727293088769,1.33155,0.0
1727293089111,1.33154,0.0
1727293089313,1.33153,0.0
1727293089378,1.331535,0.0
1727293090085,1.33154,0.0
1727293089809,1.331535,0.0
1727293090821,1.331535,0.0
1727293091125,1.33154,0.0
1727293099374,1.33152,0.0
1727293099440,1.331525,0.0
1727293101892,1.331545,0.0
1727293102583,1.33154,0.0
1727293103630,1.331545,0.0
1727293103797,1.33154,0.0
1727293104868,1.33154,0.0
1727293104972,1.33154,0.0
1727293105666,1.331565,0.0
1727293105920,1.33169,0.0
1727293106029,1.33169,0.0
1727293106380,1.331685,0.0
1727293106652,1.331675,0.0
1727293106782,1.331675,0.0
1727293107054,1.331675,0.0
1727293107184,1.33167,0.0
1727293107466,1.331675,0.0
1727293107830,1.33167,0.0
1727293108144,1.33167,0.0
1727293174421,1.33137,0.0
1727293177785,1.331385,0.0
1727293178009,1.33138,0.0
1727293179419,1.331385,0.0
1727293182184,1.33138,0.0
1727293183174,1.331375,0.0
1727293183408,1.33138,0.0
1727293184702,1.331385,0.0
1727293185207,1.331385,0.0
1727293187372,1.33138,0.0
1727293187687,1.33144,0.0
1727293187750,1.331465,0.0
1727293188184,1.33147,0.0
1727293188758,1.33147,0.0
1727293189030,1.33147,0.0
1727293189738,1.331475,0.0
1727293192618,1.33147,0.0
1727293195040,1.331475,0.0
1727293195427,1.331475,0.0
1727293197738,1.33148,0.0
1727293197890,1.331475,0.0
1727293200129,1.33147,0.0
1727293206130,1.331555,0.0
1727293208183,1.33155,0.0
1727293208958,1.331575,0.0
1727293210991,1.33157,0.0
1727293211305,1.331555,0.0
1727293210523,1.33157,0.0
1727293211479,1.331565,0.0
1727293214208,1.33155,0.0
1727293215552,1.33156,0.0
1727293215288,1.33156,0.0
1727293216679,1.331555,0.0
1727293218053,1.331555,0.0
1727293218173,1.331555,0.0
1727293218694,1.33156,0.0
1727293219052,1.331555,0.0
1727293233062,1.33153,0.0
1727293233696,1.331535,0.0
1727293298605,1.33156,0.0
1727293299137,1.331565,0.0
1727293300244,1.331565,0.0
1727293300087,1.33156,0.0
1727293303146,1.33156,0.0
1727293304053,1.331565,0.0
1727293305641,1.331565,0.0
1727293305899,1.331565,0.0
1727293307920,1.33156,0.0
1727293308424,1.331565,0.0
1727293310138,1.331565,0.0
1727293309891,1.33157,0.0
1727293313072,1.331565,0.0
1727293313414,1.33157,0.0
1727293313483,1.331565,0.0
1727293314053,1.33156,0.0
1727293314222,1.331565,0.0
1727293314908,1.33157,0.0
1727293315377,1.331565,0.0
1727293315204,1.33157,0.0
1727293315645,1.33156,0.0
1727293317716,1.331565,0.0
1727293318076,1.33157,0.0
1727293320315,1.331575,0.0
1727293320958,1.331565,0.0
1727293321545,1.33156,0.0
1727293322173,1.331565,0.0
1727293322581,1.33156,0.0
1727293322942,1.331565,0.0
1727293323729,1.331555,0.0
1727293323182,1.331545,0.0
1727293324423,1.33155,0.0
1727293323671,1.33155,0.0
1727293323356,1.331575,0.0
1727293324499,1.33155,0.0
1727293324074,1.331555,0.0
1727293325632,1.331575,0.0
1727293326586,1.33157,0.0
1727293327312,1.33157,0.0
1727293326764,1.331575,0.0
1727293328052,1.331575,0.0
1727293330174,1.33155,0.0
1727293329957,1.331565,0.0
1727293331945,1.33155,0.0
1727293331573,1.33155,0.0
1727293332103,1.331555,0.0
1727293330854,1.331545,0.0
1727293337955,1.331455,0.0
1727293338354,1.331445,0.0
1727293339307,1.33145,0.0
1727293334736,1.33147,0.0
1727293345425,1.331525,0.0
1727293345183,1.331535,0.0
1727293345601,1.33153,0.0
1727293345737,1.331535,0.0
1727293348642,1.331535,0.0
1727293348832,1.33154,0.0
1727293349407,1.331545,0.0
1727293349171,1.331535,0.0
1727293349846,1.331545,0.0
1727293350144,1.33155,0.0
1727293354507,1.33155,0.0
1727293415162,1.33155,0.0
1727293415796,1.33157,0.0
1727293415985,1.331565,0.0
1727293416720,1.331565,0.0
1727293416770,1.33157,0.0
1727293417583,1.331555,0.0
1727293419548,1.33156,0.0
1727293420229,1.331565,0.0
1727293424323,1.33157,0.0
1727293425951,1.33157,0.0
1727293426203,1.33157,0.0
1727293426723,1.33157,0.0
1727293427343,1.33157,0.0
1727293426911,1.331565,0.0
1727293428734,1.33156,0.0
1727293427139,1.331565,0.0
1727293428964,1.331565,0.0
1727293428332,1.33155,0.0
1727293429236,1.33156,0.0
1727293429286,1.331565,0.0
1727293429574,1.33156,0.0
1727293429979,1.331565,0.0
1727293430620,1.33156,0.0
1727293431134,1.331565,0.0
1727293430814,1.331565,0.0
1727293431455,1.33156,0.0
1727293431651,1.331545,0.0
1727293433725,1.331545,0.0
1727293434723,1.331555,0.0
1727293435585,1.33155,0.0
1727293437122,1.33156,0.0
1727293437295,1.331565,0.0
1727293438623,1.33156,0.0
1727293439278,1.331545,0.0
1727293439800,1.33154,0.0
1727293441122,1.33156,0.0
1727293443014,1.331555,0.0
1727293443777,1.33156,0.0
1727293443950,1.331545,0.0
1727293444515,1.33153,0.0
1727293444758,1.33153,0.0
1727293444813,1.331535,0.0
1727293445179,1.331535,0.0
1727293447515,1.33153,0.0
1727293447653,1.331535,0.0
1727293452266,1.331515,0.0
1727293455470,1.33151,0.0
1727293455593,1.331505,0.0
1727293456476,1.3315,0.0
1727293456923,1.3315,0.0
1727293457242,1.331495,0.0
1727293457706,1.3315,0.0
1727293457900,1.331495,0.0
1727293458354,1.3315,0.0
1727293459881,1.3315,0.0
1727293459470,1.331505,0.0
1727293459646,1.33151,0.0
1727293461131,1.331505,0.0
1727293461563,1.3315,0.0
1727293467807,1.331495,0.0
1727293466585,1.331545,0.0
1727293468034,1.331495,0.0
1727293468868,1.3315,0.0
1727293469709,1.331495,0.0
1727293534876,1.3315,0.0
1727293535235,1.331505,0.0
1727293535142,1.33151,0.0
1727293537661,1.3315,0.0
1727293536885,1.33151,0.0
1727293538746,1.331505,0.0
1727293536968,1.331515,0.0
1727293537385,1.331515,0.0
1727293539188,1.3315,0.0
1727293540377,1.33151,0.0
1727293540654,1.33151,0.0
1727293540877,1.331505,0.0
1727293540995,1.331495,0.0
1727293541508,1.3315,0.0
1727293541892,1.331495,0.0
1727293542108,1.33149,0.0
1727293542452,1.3315,0.0
1727293542565,1.33151,0.0
1727293544712,1.33151,0.0
1727293545676,1.33151,0.0
1727293545057,1.33151,0.0
1727293545891,1.331545,0.0
1727293547177,1.331555,0.0
1727293546935,1.331565,0.0
1727293549839,1.331555,0.0
1727293550473,1.33155,0.0
1727293550652,1.33156,0.0
1727293551001,1.33155,0.0
1727293550844,1.331555,0.0
1727293551932,1.331555,0.0
1727293552147,1.331545,0.0
1727293552247,1.33155,0.0
1727293552818,1.331555,0.0
1727293553385,1.33154,0.0
1727293553593,1.33155,0.0
1727293554297,1.33156,0.0
1727293554981,1.33155,0.0
1727293556227,1.33156,0.0
1727293556313,1.331565,0.0
1727293556712,1.331565,0.0
1727293556979,1.331565,0.0
1727293558685,1.33157,0.0
1727293558952,1.33157,0.0
1727293559199,1.331555,0.0
1727293559402,1.33155,0.0
1727293559726,1.331555,0.0
1727293560403,1.33155,0.0
1727293560720,1.331575,0.0
1727293560927,1.331575,0.0
1727293561138,1.331565,0.0
1727293561640,1.33157,0.0
1727293563509,1.331565,0.0
1727293565266,1.33156,0.0
1727293565330,1.331565,0.0
1727293567661,1.33156,0.0
1727293567845,1.33155,0.0
1727293568144,1.331545,0.0
1727293568407,1.33157,0.0
1727293569023,1.331555,0.0
1727293569266,1.331545,0.0
1727293569463,1.331555,0.0
1727293570392,1.331555,0.0
1727293570014,1.33156,0.0
1727293571003,1.331555,0.0
1727293570177,1.33155,0.0
1727293571747,1.33155,0.0
1727293571067,1.331545,0.0
1727293572483,1.33155,0.0
1727293572613,1.331555,0.0
1727293576332,1.33155,0.0
1727293578315,1.33158,0.0
1727293578671,1.331575,0.0
1727293581467,1.331565,0.0
1727293581248,1.331545,0.0
1727293583283,1.33157,0.0
1727293583828,1.331525,0.0
1727293583943,1.33152,0.0
1727293584620,1.331525,0.0
1727293584882,1.33153,0.0
1727293586728,1.331515,0.0
1727293587810,1.33152,0.0
1727293587052,1.33152,0.0
1727293588938,1.33152,0.0
1727293589868,1.331515,0.0
1727293587319,1.331515,0.0
1727293590536,1.33152,0.0
1727293591811,1.331525,0.0
1727293656575,1.33154,0.0
1727293656823,1.331545,0.0
1727293656933,1.33154,0.0
1727293662673,1.33155,0.0
1727293662522,1.331555,0.0
1727293663614,1.33154,0.0
1727293664211,1.331545,0.0
1727293665537,1.331555,0.0
1727293666518,1.331535,0.0
1727293667053,1.33153,0.0
1727293668245,1.331515,0.0
1727293668408,1.331525,0.0
1727293668865,1.331535,0.0
1727293669197,1.33153,0.0
1727293672328,1.331525,0.0
1727293675032,1.33155,0.0
1727293675241,1.33156,0.0
1727293675501,1.331555,0.0
1727293675837,1.331545,0.0
1727293675658,1.33156,0.0
1727293676171,1.33155,0.0
1727293676535,1.33153,0.0
1727293676949,1.33155,0.0
1727293677866,1.331565,0.0
1727293677443,1.331545,0.0
1727293674766,1.33153,0.0
1727293677220,1.33154,0.0
1727293678657,1.33155,0.0
1727293680171,1.331535,0.0
1727293680515,1.33155,0.0
1727293680711,1.331545,0.0
1727293681040,1.33153,0.0
1727293681100,1.331535,0.0
1727293681532,1.33153,0.0
1727293682809,1.33154,0.0
1727293682322,1.33153,0.0
1727293682455,1.331545,0.0
1727293683013,1.33155,0.0
1727293683557,1.331555,0.0
1727293683993,1.331555,0.0
1727293686309,1.331545,0.0
1727293687588,1.331545,0.0
1727293690340,1.331555,0.0
1727293692344,1.33159,0.0
1727293692481,1.33157,0.0
1727293694558,1.33157,0.0
1727293701487,1.331565,0.0
1727293701322,1.33155,0.0
1727293701995,1.33156,0.0
1727293703104,1.33156,0.0
1727293703545,1.331565,0.0
1727293703310,1.331555,0.0
1727293703776,1.331565,0.0
1727293703989,1.33156,0.0
1727293705098,1.331545,0.0
1727293705247,1.331575,0.0
1727293709569,1.33159,0.0
1727293710120,1.33159,0.0
1727293709867,1.33159,0.0
1727293711087,1.331585,0.0
1727293711619,1.33158,0.0
1727293715662,1.331585,0.0
1727293780095,1.33163,0.0
1727293780603,1.331635,0.0
1727293780718,1.33166,0.0
1727293781133,1.331665,0.0
1727293781563,1.33166,0.0
1727293781849,1.331665,0.0
1727293782056,1.33166,0.0
1727293783051,1.331665,0.0
1727293793335,1.33167,0.0
1727293794068,1.331675,0.0
1727293794789,1.33167,0.0
1727293796154,1.331675,0.0
1727293796447,1.33167,0.0
1727293798151,1.331655,0.0
1727293800671,1.33169,0.0
1727293801066,1.331695,0.0
1727293801215,1.3317,0.0
1727293801591,1.331685,0.0
1727293803337,1.33175,0.0
1727293801768,1.3317,0.0
1727293802071,1.331705,0.0
1727293804950,1.33175,0.0
1727293802768,1.3317,0.0
1727293807627,1.33176,0.0
1727293803008,1.331725,0.0
1727293806936,1.331765,0.0
1727293808053,1.331755,0.0
1727293808599,1.33174,0.0
1727293807115,1.331755,0.0
1727293809099,1.33175,0.0
1727293808657,1.33175,0.0
1727293809753,1.33176,0.0
1727293810667,1.331775,0.0
1727293800166,1.331705,0.0
1727293809866,1.331775,0.0
1727293810323,1.33178,0.0
1727293812359,1.33176,0.0
1727293812897,1.331755,0.0
1727293812423,1.33175,0.0
1727293810455,1.33177,0.0
1727293813839,1.33175,0.0
1727293800557,1.33169,0.0
1727293816321,1.33176,0.0
1727293816893,1.331755,0.0
1727293818016,1.33174,0.0
1727293818201,1.331745,0.0
1727293818589,1.33174,0.0
1727293819348,1.33176,0.0
1727293820305,1.331745,0.0
1727293819934,1.331745,0.0
1727293820611,1.33175,0.0
1727293820773,1.33175,0.0
1727293821505,1.33175,0.0
1727293821865,1.33175,0.0
1727293822881,1.331745,0.0
1727293823317,1.331765,0.0
1727293823497,1.33175,0.0
1727293823997,1.331745,0.0
1727293824377,1.33175,0.0
1727293825127,1.331745,0.0
1727293825321,1.331745,0.0
1727293825513,1.331755,0.0
1727293825831,1.33175,0.0
1727293825996,1.33175,0.0
1727293826572,1.33176,0.0
1727293826724,1.33176,0.0
1727293827017,1.33176,0.0
1727293827305,1.331755,0.0
1727293827584,1.33174,0.0
1727293827921,1.331745,0.0
1727293828145,1.331745,0.0
1727293828212,1.33174,0.0
1727293828732,1.33176,0.0
1727293828607,1.331745,0.0
1727293829002,1.33176,0.0
1727293829383,1.331765,0.0
1727293829634,1.331765,0.0
1727293829815,1.33176,0.0
1727293830165,1.33176,0.0
1727293830654,1.33176,0.0
1727293830878,1.331765,0.0
1727293831029,1.33176,0.0
1727293832128,1.33176,0.0
1727293832923,1.33176,0.0
1727293832567,1.331765,0.0
1727293833093,1.33176,0.0
1727293835831,1.331735,0.0
1727293836145,1.331735,0.0
1727293836400,1.33173,0.0
1727293835475,1.33174,0.0
1727293836631,1.331735,0.0
1727293837063,1.331755,0.0
1727293837428,1.33174,0.0
1727293838311,1.331745,0.0
1727293838698,1.33175,0.0
1727293838753,1.33174,0.0
1727293839042,1.331755,0.0
1727293839451,1.33174,0.0
1727293839512,1.331745,0.0
1727293839917,1.331745,0.0
1727293840182,1.33174,0.0
1727293841451,1.33175,0.0
1727293841679,1.33175,0.0
1727293842935,1.331755,0.0
1727293843281,1.33175,0.0
1727293843951,1.33175,0.0
1727293844160,1.331755,0.0
1727293845421,1.331735,0.0
1727293845532,1.33174,0.0
1727293844933,1.331755,0.0
1727293845945,1.33174,0.0
1727293846067,1.33173,0.0
1727293846417,1.33175,0.0
1727293846866,1.33174,0.0
1727293847195,1.331755,0.0
1727293847428,1.33174,0.0
1727293847479,1.331745,0.0
1727293849672,1.331745,0.0
1727293849843,1.331735,0.0
1727293849139,1.33174,0.0
1727293851358,1.33175,0.0
1727293850840,1.331745,0.0
1727293851231,1.331755,0.0
1727293851587,1.331745,0.0
1727293912527,1.33186,0.0
1727293912081,1.33184,0.0
1727293914951,1.33185,0.0
1727293917232,1.331835,0.0
1727293917049,1.331835,0.0
1727293916762,1.33182,0.0
1727293923929,1.331835,0.0
1727293925074,1.33183,0.0
1727293925369,1.331835,0.0
1727293925616,1.33183,0.0
1727293925895,1.331835,0.0
1727293926056,1.331825,0.0
1727293926623,1.331835,0.0
1727293926829,1.33184,0.0
1727293926956,1.331835,0.0
1727293927577,1.331855,0.0
1727293927353,1.33184,0.0
1727293927928,1.331865,0.0
1727293928051,1.33186,0.0
1727293928183,1.331865,0.0
1727293929874,1.33186,0.0
1727293929621,1.33186,0.0
1727293931289,1.331865,0.0
1727293930101,1.33186,0.0
1727293931559,1.33187,0.0
1727293931979,1.331865,0.0
1727293931925,1.33187,0.0
1727293932661,1.33187,0.0
1727293930294,1.33186,0.0
1727293933064,1.33183,0.0
1727293933616,1.3318,0.0
1727293933944,1.331795,0.0
1727293934415,1.3318,0.0
1727293937328,1.33177,0.0
1727293938276,1.33177,0.0
1727293937676,1.33177,0.0
1727293937999,1.331775,0.0
1727293939153,1.331765,0.0
1727293939391,1.33177,0.0
1727293940938,1.33178,0.0
1727293940989,1.33176,0.0
1727293940185,1.331765,0.0
1727293941350,1.331765,0.0
1727293940260,1.331755,0.0
1727293941494,1.331755,0.0
1727293942671,1.331785,0.0
1727293942885,1.331765,0.0
1727293944052,1.33177,0.0
1727293944449,1.331775,0.0
1727293944502,1.33177,0.0
1727293945356,1.331765,0.0
1727293945910,1.33177,0.0
1727293946906,1.331765,0.0
1727293947452,1.331765,0.0
1727293950063,1.33176,0.0
1727293953452,1.331755,0.0
1727293953955,1.33176,0.0
1727293954791,1.331765,0.0
1727293954985,1.33176,0.0
1727293955943,1.331765,0.0
1727293956438,1.33176,0.0
1727293960148,1.331765,0.0
1727293960406,1.331765,0.0
1727293960667,1.33177,0.0
1727293960945,1.331765,0.0
1727293961052,1.33177,0.0
1727293961973,1.33177,0.0
1727293962028,1.33176,0.0
1727293962484,1.331765,0.0
1727293962834,1.331765,0.0
1727293963138,1.331765,0.0
1727293963264,1.33176,0.0
1727293964124,1.331765,0.0
1727293964479,1.331765,0.0
1727293965992,1.331755,0.0
1727293966223,1.33176,0.0
1727293967195,1.331765,0.0
1727293967419,1.33175,0.0
1727293967664,1.331755,0.0
1727293967830,1.331755,0.0
1727294038240,1.3317,0.0
1727294038466,1.3317,0.0
1727294038700,1.33169,0.0
1727294039212,1.33169,0.0
1727294040226,1.3317,0.0
1727294040500,1.33169,0.0
1727294040612,1.33168,0.0
1727294042231,1.3317,0.0
1727294042406,1.33168,0.0
1727294043383,1.331685,0.0
1727294043216,1.331685,0.0
1727294043693,1.33168,0.0
1727294044244,1.331685,0.0
1727294044297,1.33168,0.0
1727294044734,1.33169,0.0
1727294044853,1.33168,0.0
1727294045254,1.33168,0.0
1727294047274,1.331675,0.0
1727294047505,1.33169,0.0
1727294048245,1.331675,0.0
1727294048479,1.33168,0.0
1727294054366,1.33168,0.0
1727294054467,1.33168,0.0
1727294055400,1.33169,0.0
1727294056630,1.331705,0.0
1727294055810,1.331685,0.0
1727294056053,1.33169,0.0
1727294056752,1.331695,0.0
1727294057033,1.331695,0.0
1727294057175,1.33169,0.0
1727294059039,1.33169,0.0
1727294058905,1.3317,0.0
1727294060205,1.331695,0.0
1727294061349,1.33169,0.0
1727294062348,1.33169,0.0
1727294061639,1.331695,0.0
1727294062655,1.33169,0.0
1727294064396,1.33169,0.0
1727294064164,1.331685,0.0
1727294064869,1.331695,0.0
