timestamp(ms since Epoch),last price,volume
1727288866979,144.6055,0.0
1727288867336,144.606,0.0
1727288869072,144.6045,0.0
1727288869297,144.605,0.0
1727288869627,144.605,0.0
1727288869870,144.605,0.0
1727288869921,144.6045,0.0
1727288870784,144.6055,0.0
1727288875981,144.6105,0.0
1727288876839,144.6045,0.0
1727288877092,144.604,0.0
1727288877395,144.6025,0.0
1727288877552,144.602,0.0
1727288877841,144.6025,0.0
1727288878008,144.6035,0.0
1727288878363,144.604,0.0
1727288879105,144.6035,0.0
1727288879618,144.6035,0.0
1727288879245,144.603,0.0
1727288880118,144.6055,0.0
1727288880335,144.605,0.0
1727288881399,144.604,0.0
1727288883365,144.6035,0.0
1727288883546,144.603,0.0
1727288884768,144.6025,0.0
1727288887186,144.603,0.0
1727288887601,144.604,0.0
1727288888573,144.5995,0.0
1727288888811,144.601,0.0
1727288890613,144.602,0.0
1727288890768,144.6015,0.0
1727288892065,144.602,0.0
1727288892716,144.5985,0.0
1727288892652,144.599,0.0
1727288892952,144.599,0.0
1727288893422,144.597,0.0
1727288893808,144.598,0.0
1727288894847,144.5985,0.0
1727288895583,144.5995,0.0
1727288895688,144.6,0.0
1727288896542,144.6015,0.0
1727288896869,144.599,0.0
1727288896980,144.6,0.0
1727288897371,144.6,0.0
1727288897709,144.5995,0.0
1727288898570,144.6025,0.0
1727288899443,144.601,0.0
1727288900077,144.6045,0.0
1727288900487,144.605,0.0
1727288901221,144.6045,0.0
1727288902778,144.6025,0.0
1727288903151,144.604,0.0
1727288904100,144.6045,0.0
1727288906562,144.605,0.0
1727288907052,144.6045,0.0
1727288908488,144.605,0.0
1727288909179,144.605,0.0
1727288909356,144.607,0.0
1727288909935,144.606,0.0
1727288909990,144.606,0.0
1727288911047,144.6055,0.0
1727288912141,144.606,0.0
1727288914907,144.6055,0.0
1727288915076,144.607,0.0
1727288916680,144.6065,0.0
1727288917007,144.607,0.0
1727288917231,144.6065,0.0
1727288918704,144.605,0.0
1727288918875,144.605,0.0
1727288919425,144.6045,0.0
1727288919584,144.6045,0.0
1727288920301,144.603,0.0
1727288920603,144.603,0.0
1727288921069,144.6045,0.0
1727288923655,144.602,0.0
1727288985898,144.5885,0.0
1727288987165,144.589,0.0
1727288987376,144.5875,0.0
1727288987612,144.585,0.0
1727288987673,144.5875,0.0
1727288988073,144.588,0.0
1727288990244,144.5885,0.0
1727288990451,144.589,0.0
1727288990823,144.5875,0.0
1727288991294,144.589,0.0
1727288992386,144.5885,0.0
1727288992520,144.5875,0.0
1727288992927,144.5865,0.0
1727288993152,144.588,0.0
1727288993436,144.586,0.0
1727288993558,144.585,0.0
1727288993901,144.588,0.0
1727288994250,144.5905,0.0
1727288994112,144.5885,0.0
1727288995161,144.59,0.0
1727288995215,144.591,0.0
1727288995984,144.5905,0.0
1727288996422,144.5905,0.0
1727288996675,144.5895,0.0
1727288996944,144.5895,0.0
1727288999206,144.59,0.0
1727288999470,144.587,0.0
1727288999628,144.585,0.0
1727288999913,144.585,0.0
1727289000228,144.591,0.0
1727289000286,144.5925,0.0
1727289000694,144.593,0.0
1727289000991,144.592,0.0
1727289007199,144.5905,0.0
1727289005297,144.59,0.0
1727289006545,144.5905,0.0
1727289006838,144.5905,0.0
1727289007816,144.5845,0.0
1727289008416,144.5815,0.0
1727289007562,144.591,0.0
1727289008669,144.5835,0.0
1727289009686,144.5835,0.0
1727289009301,144.584,0.0
1727289009892,144.5835,0.0
1727289011189,144.5845,0.0
1727289011329,144.584,0.0
1727289011646,144.585,0.0
1727289013064,144.584,0.0
1727289012895,144.585,0.0
1727289014200,144.584,0.0
1727289013960,144.585,0.0
1727289015020,144.586,0.0
1727289016054,144.5865,0.0
1727289019226,144.586,0.0
1727289020003,144.5855,0.0
1727289020226,144.586,0.0
1727289020441,144.5855,0.0
1727289021638,144.5885,0.0
1727289022831,144.589,0.0
1727289023019,144.5885,0.0
1727289024002,144.5885,0.0
1727289024584,144.59,0.0
1727289025274,144.5875,0.0
1727289025694,144.587,0.0
1727289026706,144.5875,0.0
1727289026929,144.588,0.0
1727289028692,144.587,0.0
1727289028779,144.5875,0.0
1727289029143,144.588,0.0
1727289033186,144.5885,0.0
1727289034216,144.588,0.0
1727289034807,144.5885,0.0
1727289035398,144.589,0.0
1727289036018,144.593,0.0
1727289035290,144.592,0.0
1727289036208,144.593,0.0
1727289036742,144.5925,0.0
1727289036931,144.593,0.0
1727289037211,144.593,0.0
1727289037744,144.593,0.0
1727289038129,144.593,0.0
1727289038618,144.5925,0.0
1727289038915,144.593,0.0
1727289039800,144.593,0.0
1727289040262,144.5935,0.0
1727289040449,144.593,0.0
1727289040631,144.5935,0.0
1727289040835,144.593,0.0
1727289041195,144.5925,0.0
1727289041397,144.592,0.0
1727289041797,144.592,0.0
1727289042118,144.5925,0.0
1727289042494,144.593,0.0
1727289042802,144.5915,0.0
1727289043039,144.592,0.0
1727289043299,144.592,0.0
1727289043439,144.592,0.0
1727289044076,144.5925,0.0
1727289045308,144.593,0.0
1727289049012,144.5955,0.0
1727289106153,144.604,0.0
1727289106384,144.604,0.0
1727289107385,144.607,0.0
1727289107666,144.6065,0.0
1727289110112,144.6145,0.0
1727289111168,144.6145,0.0
1727289111348,144.6145,0.0
1727289110952,144.6155,0.0
1727289112197,144.6145,0.0
1727289112364,144.6135,0.0
1727289111838,144.615,0.0
1727289112886,144.615,0.0
1727289113388,144.6145,0.0
1727289113186,144.6145,0.0
1727289114063,144.6145,0.0
1727289114266,144.615,0.0
1727289114925,144.6145,0.0
1727289115227,144.615,0.0
1727289115659,144.6165,0.0
1727289115923,144.6155,0.0
1727289116101,144.616,0.0
1727289116472,144.615,0.0
1727289116586,144.615,0.0
1727289117193,144.6135,0.0
1727289117691,144.6135,0.0
1727289118116,144.6105,0.0
1727289118234,144.612,0.0
1727289120139,144.611,0.0
1727289120391,144.6135,0.0
1727289120633,144.6145,0.0
1727289120979,144.611,0.0
1727289121034,144.6115,0.0
1727289121265,144.612,0.0
1727289122115,144.611,0.0
1727289121708,144.6105,0.0
1727289121935,144.6105,0.0
1727289122624,144.6105,0.0
1727289122909,144.6105,0.0
1727289124694,144.61,0.0
1727289125407,144.6105,0.0
1727289124923,144.6105,0.0
1727289126255,144.6105,0.0
1727289127225,144.611,0.0
1727289127632,144.6115,0.0
1727289128275,144.611,0.0
1727289128747,144.611,0.0
1727289129006,144.613,0.0
1727289129189,144.61,0.0
1727289129532,144.613,0.0
1727289129779,144.615,0.0
1727289129958,144.6155,0.0
1727289130237,144.6155,0.0
1727289136175,144.615,0.0
1727289141587,144.6145,0.0
1727289142053,144.614,0.0
1727289142400,144.6145,0.0
1727289143690,144.617,0.0
1727289145202,144.6165,0.0
1727289145565,144.6165,0.0
1727289146055,144.616,0.0
1727289146425,144.6175,0.0
1727289146498,144.617,0.0
1727289148375,144.617,0.0
1727289150074,144.6165,0.0
1727289154710,144.617,0.0
1727289154839,144.6165,0.0
1727289156737,144.6145,0.0
1727289156872,144.6135,0.0
1727289157257,144.6135,0.0
1727289157914,144.6135,0.0
1727289158115,144.615,0.0
1727289158402,144.6145,0.0
1727289158702,144.6135,0.0
1727289159912,144.6135,0.0
1727289160755,144.6145,0.0
1727289161184,144.6145,0.0
1727289161821,144.614,0.0
1727289163299,144.6145,0.0
1727289163657,144.614,0.0
1727289163993,144.613,0.0
1727289164132,144.614,0.0
1727289164299,144.6145,0.0
1727289165516,144.6135,0.0
1727289167462,144.6165,0.0
1727289230310,144.6275,0.0
1727289230549,144.628,0.0
1727289233860,144.6285,0.0
1727289234563,144.628,0.0
1727289237361,144.633,0.0
1727289237075,144.6305,0.0
1727289238621,144.635,0.0
1727289238743,144.6345,0.0
1727289239738,144.6345,0.0
1727289240611,144.6345,0.0
1727289239975,144.6335,0.0
1727289240369,144.6355,0.0
1727289240672,144.635,0.0
1727289241504,144.6365,0.0
1727289241853,144.637,0.0
1727289241332,144.637,0.0
1727289242077,144.635,0.0
1727289242595,144.635,0.0
1727289242292,144.635,0.0
1727289243296,144.6345,0.0
1727289243598,144.635,0.0
1727289244372,144.634,0.0
1727289244428,144.6345,0.0
1727289246265,144.6365,0.0
1727289246558,144.6355,0.0
1727289247331,144.636,0.0
1727289247022,144.635,0.0
1727289248636,144.6355,0.0
1727289248821,144.6345,0.0
1727289249331,144.6335,0.0
1727289249439,144.6355,0.0
1727289250054,144.6345,0.0
1727289250147,144.634,0.0
1727289250878,144.6365,0.0
1727289251093,144.6385,0.0
1727289251206,144.64,0.0
1727289251883,144.639,0.0
1727289252382,144.638,0.0
1727289252603,144.639,0.0
1727289252784,144.6375,0.0
1727289253874,144.639,0.0
1727289254126,144.6375,0.0
1727289254386,144.6385,0.0
1727289254439,144.638,0.0
1727289254859,144.6345,0.0
1727289255629,144.6335,0.0
1727289255085,144.6355,0.0
1727289255390,144.6365,0.0
1727289255900,144.634,0.0
1727289256423,144.634,0.0
1727289256089,144.6335,0.0
1727289256267,144.6335,0.0
1727289257032,144.6345,0.0
1727289257855,144.6345,0.0
1727289259118,144.636,0.0
1727289259290,144.635,0.0
1727289261140,144.633,0.0
1727289261373,144.632,0.0
1727289266786,144.637,0.0
1727289267039,144.636,0.0
1727289267266,144.637,0.0
1727289267430,144.636,0.0
1727289268054,144.6365,0.0
1727289268770,144.6355,0.0
1727289269069,144.636,0.0
1727289273069,144.6365,0.0
1727289279922,144.637,0.0
1727289280424,144.639,0.0
1727289281052,144.6385,0.0
1727289282347,144.6355,0.0
1727289282412,144.6365,0.0
1727289282664,144.6375,0.0
1727289285272,144.636,0.0
1727289285844,144.6365,0.0
1727289285897,144.636,0.0
1727289291055,144.6455,0.0
1727289349376,144.644,0.0
1727289350128,144.6435,0.0
1727289351853,144.645,0.0
1727289352032,144.6445,0.0
1727289353444,144.645,0.0
1727289353944,144.644,0.0
1727289354065,144.6445,0.0
1727289354263,144.644,0.0
1727289355051,144.6435,0.0
1727289355485,144.645,0.0
1727289355407,144.646,0.0
1727289356701,144.6445,0.0
1727289360054,144.647,0.0
1727289360338,144.647,0.0
1727289360683,144.656,0.0
1727289360797,144.653,0.0
1727289361269,144.6545,0.0
1727289361510,144.654,0.0
1727289363200,144.6555,0.0
1727289363280,144.655,0.0
1727289363689,144.6535,0.0
1727289363802,144.6555,0.0
1727289364202,144.6535,0.0
1727289364257,144.654,0.0
1727289364578,144.6535,0.0
1727289365806,144.654,0.0
1727289366161,144.654,0.0
1727289369157,144.654,0.0
1727289369620,144.6535,0.0
1727289369804,144.653,0.0
1727289370602,144.6545,0.0
1727289370862,144.654,0.0
1727289371220,144.653,0.0
1727289371649,144.654,0.0
1727289372899,144.654,0.0
1727289374725,144.654,0.0
1727289375224,144.657,0.0
1727289375467,144.6555,0.0
1727289377651,144.6545,0.0
1727289377380,144.657,0.0
1727289377941,144.6545,0.0
1727289379193,144.653,0.0
1727289378481,144.6545,0.0
1727289379335,144.654,0.0
1727289379910,144.654,0.0
1727289381462,144.6535,0.0
1727289381776,144.653,0.0
1727289382955,144.6535,0.0
1727289383589,144.654,0.0
1727289384831,144.648,0.0
1727289386716,144.649,0.0
1727289386904,144.654,0.0
1727289387693,144.654,0.0
1727289388458,144.649,0.0
1727289388749,144.645,0.0
1727289388208,144.6505,0.0
1727289389422,144.643,0.0
1727289388955,144.6435,0.0
1727289389136,144.643,0.0
1727289389610,144.6445,0.0
1727289389840,144.644,0.0
1727289390059,144.6445,0.0
1727289390436,144.644,0.0
1727289391200,144.6425,0.0
1727289391456,144.643,0.0
1727289395272,144.647,0.0
1727289403822,144.6445,0.0
1727289403940,144.644,0.0
1727289404846,144.6515,0.0
1727289405071,144.6515,0.0
1727289405286,144.653,0.0
1727289405704,144.6525,0.0
1727289406181,144.652,0.0
1727289405988,144.652,0.0
1727289406790,144.6525,0.0
1727289407170,144.653,0.0
1727289407550,144.6525,0.0
1727289474054,144.636,0.0
1727289480484,144.637,0.0
1727289480618,144.636,0.0
1727289480976,144.636,0.0
1727289483442,144.6355,0.0
1727289483513,144.636,0.0
1727289483838,144.6355,0.0
1727289484206,144.632,0.0
1727289484330,144.635,0.0
1727289484948,144.635,0.0
1727289485058,144.6355,0.0
1727289485435,144.629,0.0
1727289485819,144.629,0.0
1727289486612,144.63,0.0
1727289486029,144.6295,0.0
1727289486397,144.63,0.0
1727289486996,144.63,0.0
1727289487181,144.63,0.0
1727289487505,144.6295,0.0
1727289488025,144.629,0.0
1727289488391,144.6295,0.0
1727289488713,144.628,0.0
1727289488819,144.63,0.0
1727289489144,144.6405,0.0
1727289489476,144.6435,0.0
1727289489775,144.643,0.0
1727289489630,144.6425,0.0
1727289490207,144.644,0.0
1727289490373,144.6445,0.0
1727289490704,144.6445,0.0
1727289490894,144.645,0.0
1727289491085,144.6445,0.0
1727289492213,144.6445,0.0
1727289492363,144.645,0.0
1727289493001,144.6435,0.0
1727289492729,144.645,0.0
1727289493219,144.646,0.0
1727289493480,144.646,0.0
1727289493706,144.645,0.0
1727289494001,144.645,0.0
1727289494455,144.6455,0.0
1727289494648,144.645,0.0
1727289495092,144.645,0.0
1727289494848,144.6455,0.0
1727289496239,144.645,0.0
1727289496485,144.6455,0.0
1727289498217,144.6465,0.0
1727289500199,144.645,0.0
1727289500305,144.646,0.0
1727289504044,144.647,0.0
1727289504749,144.647,0.0
1727289509051,144.65,0.0
1727289508338,144.648,0.0
1727289508645,144.6475,0.0
1727289509297,144.651,0.0
1727289509391,144.6515,0.0
1727289512041,144.6475,0.0
1727289512150,144.649,0.0
1727289512576,144.6485,0.0
1727289513039,144.6495,0.0
1727289513116,144.651,0.0
1727289513327,144.6515,0.0
1727289513828,144.652,0.0
1727289514088,144.6515,0.0
1727289514561,144.6515,0.0
1727289514773,144.651,0.0
1727289515571,144.6505,0.0
1727289515629,144.6525,0.0
1727289516196,144.653,0.0
1727289519833,144.6525,0.0
1727289520082,144.653,0.0
1727289520132,144.652,0.0
1727289520367,144.6515,0.0
1727289520755,144.651,0.0
1727289520958,144.6515,0.0
1727289521587,144.653,0.0
1727289521102,144.651,0.0
1727289523556,144.6475,0.0
1727289528252,144.645,0.0
1727289528700,144.6455,0.0
1727289529202,144.6485,0.0
1727289531049,144.647,0.0
1727289628918,144.658,0.0
1727289629270,144.659,0.0
1727289629477,144.6595,0.0
1727289629677,144.659,0.0
1727289630469,144.6585,0.0
1727289630807,144.658,0.0
1727289631011,144.6585,0.0
1727289631314,144.6575,0.0
1727289631388,144.658,0.0
1727289632030,144.6475,0.0
1727289632263,144.6475,0.0
1727289631817,144.654,0.0
1727289633032,144.646,0.0
1727289633782,144.6455,0.0
1727289634053,144.645,0.0
1727289634333,144.6455,0.0
1727289634385,144.645,0.0
1727289635114,144.6455,0.0
1727289635669,144.646,0.0
1727289636230,144.6475,0.0
1727289637582,144.648,0.0
1727289637853,144.645,0.0
1727289638069,144.652,0.0
1727289638364,144.6545,0.0
1727289638425,144.6525,0.0
1727289638857,144.6545,0.0
1727289639082,144.6555,0.0
1727289639311,144.654,0.0
1727289639720,144.655,0.0
1727289639577,144.654,0.0
1727289639957,144.6555,0.0
1727289640269,144.6545,0.0
1727289640580,144.6575,0.0
1727289640848,144.6575,0.0
1727289642280,144.658,0.0
1727289642689,144.657,0.0
1727289643058,144.658,0.0
1727289644849,144.6565,0.0
1727289645049,144.656,0.0
1727289645255,144.6565,0.0
1727289648827,144.653,0.0
1727289649599,144.653,0.0
1727289649860,144.6545,0.0
1727289650097,144.654,0.0
1727289650154,144.653,0.0
1727289650886,144.654,0.0
1727289651054,144.6545,0.0
1727289652084,144.6545,0.0
1727289652286,144.654,0.0
1727289652615,144.6535,0.0
1727289652746,144.654,0.0
1727289653030,144.6545,0.0
1727289653216,144.654,0.0
1727289654730,144.648,0.0
1727289655127,144.6465,0.0
1727289655406,144.645,0.0
1727289655467,144.646,0.0
1727289656618,144.646,0.0
1727289656898,144.653,0.0
1727289657064,144.6485,0.0
1727289657166,144.6465,0.0
1727289657756,144.6465,0.0
1727289657581,144.647,0.0
1727289659531,144.6465,0.0
1727289660079,144.6465,0.0
1727289660310,144.646,0.0
1727289660534,144.6445,0.0
1727289660693,144.646,0.0
1727289661126,144.645,0.0
1727289661364,144.6465,0.0
1727289662000,144.6445,0.0
1727289662211,144.645,0.0
1727289661508,144.645,0.0
1727289661871,144.645,0.0
1727289662858,144.6445,0.0
1727289663178,144.6455,0.0
1727289663368,144.6455,0.0
1727289663805,144.646,0.0
1727289664646,144.6455,0.0
1727289664917,144.646,0.0
1727289666096,144.6455,0.0
1727289666370,144.646,0.0
1727289667356,144.6505,0.0
1727289667672,144.6505,0.0
1727289666859,144.6455,0.0
1727289667150,144.6515,0.0
1727289667733,144.6505,0.0
1727289668116,144.649,0.0
1727289668293,144.651,0.0
1727289668681,144.6515,0.0
1727289668792,144.6525,0.0
1727289669142,144.6505,0.0
1727289670834,144.6505,0.0
1727289670982,144.651,0.0
1727289671428,144.6505,0.0
1727289671632,144.6505,0.0
1727289672346,144.6535,0.0
1727289672486,144.654,0.0
1727289672871,144.653,0.0
1727289673444,144.6535,0.0
1727289673616,144.6455,0.0
1727289673847,144.646,0.0
1727289674058,144.6465,0.0
1727289675421,144.6475,0.0
1727289675534,144.6465,0.0
1727289676306,144.6475,0.0
1727289676639,144.649,0.0
1727289677128,144.648,0.0
1727289676949,144.6485,0.0
1727289678942,144.6485,0.0
1727289681678,144.6475,0.0
1727289682056,144.647,0.0
1727289746266,144.664,0.0
1727289746337,144.6645,0.0
1727289746729,144.665,0.0
1727289746936,144.6635,0.0
1727289747042,144.665,0.0
1727289748105,144.6645,0.0
1727289749057,144.665,0.0
1727289751372,144.6645,0.0
1727289751969,144.6645,0.0
1727289752223,144.665,0.0
1727289753267,144.663,0.0
1727289753384,144.666,0.0
1727289758821,144.6645,0.0
1727289759349,144.665,0.0
1727289761042,144.663,0.0
1727289761294,144.6655,0.0
1727289763649,144.6655,0.0
1727289764393,144.667,0.0
1727289765129,144.6665,0.0
1727289765373,144.6665,0.0
1727289765585,144.665,0.0
1727289765688,144.6665,0.0
1727289766029,144.666,0.0
1727289769272,144.6645,0.0
1727289770174,144.667,0.0
1727289770327,144.666,0.0
1727289770804,144.6655,0.0
1727289771862,144.6645,0.0
1727289772144,144.665,0.0
1727289774552,144.6645,0.0
1727289777126,144.6635,0.0
1727289777242,144.664,0.0
1727289777690,144.6635,0.0
1727289777808,144.664,0.0
1727289778021,144.6645,0.0
1727289778455,144.665,0.0
1727289779299,144.6645,0.0
1727289779776,144.665,0.0
1727289781007,144.6645,0.0
1727289782128,144.6665,0.0
1727289782933,144.6655,0.0
1727289783246,144.6645,0.0
1727289783498,144.6645,0.0
1727289785202,144.659,0.0
1727289785469,144.6475,0.0
1727289785574,144.647,0.0
1727289785861,144.6455,0.0
1727289786077,144.646,0.0
1727289786245,144.6455,0.0
1727289786510,144.6475,0.0
1727289786987,144.6485,0.0
1727289787107,144.6465,0.0
1727289787584,144.6465,0.0
1727289788234,144.6475,0.0
1727289788309,144.647,0.0
1727289788588,144.647,0.0
1727289788822,144.6475,0.0
1727289789780,144.648,0.0
1727289790577,144.65,0.0
1727289790433,144.6475,0.0
1727289790794,144.6515,0.0
1727289791238,144.649,0.0
1727289791345,144.6485,0.0
1727289791738,144.6485,0.0
1727289791789,144.648,0.0
1727289792244,144.646,0.0
1727289792298,144.6465,0.0
1727289795484,144.646,0.0
1727289795599,144.646,0.0
1727289796369,144.6465,0.0
1727289797109,144.647,0.0
1727289804838,144.6455,0.0
1727289862589,144.655,0.0
1727289867375,144.654,0.0
1727289869225,144.654,0.0
1727289869060,144.6545,0.0
1727289870360,144.6555,0.0
1727289871123,144.656,0.0
1727289889266,144.6565,0.0
1727289888463,144.656,0.0
1727289889552,144.656,0.0
1727289894571,144.655,0.0
1727289895085,144.6555,0.0
1727289895651,144.6565,0.0
1727289897029,144.656,0.0
1727289897235,144.6565,0.0
1727289897805,144.6555,0.0
1727289898380,144.656,0.0
1727289900397,144.657,0.0
1727289901145,144.657,0.0
1727289901378,144.6565,0.0
1727289901889,144.6635,0.0
1727289901545,144.657,0.0
1727289902361,144.664,0.0
1727289902052,144.664,0.0
1727289902645,144.665,0.0
1727289902771,144.664,0.0
1727289903812,144.665,0.0
1727289904349,144.6655,0.0
1727289904640,144.666,0.0
1727289904919,144.6655,0.0
1727289905108,144.666,0.0
1727289905832,144.6655,0.0
1727289907785,144.666,0.0
1727289908101,144.666,0.0
1727289908583,144.6665,0.0
1727289909113,144.665,0.0
1727289909795,144.67,0.0
1727289910116,144.671,0.0
1727289910232,144.6705,0.0
1727289911153,144.674,0.0
1727289911324,144.675,0.0
1727289911929,144.674,0.0
1727289912103,144.675,0.0
1727289912652,144.6735,0.0
1727289912923,144.673,0.0
1727289913224,144.674,0.0
1727289913537,144.673,0.0
1727289915153,144.673,0.0
1727289915998,144.672,0.0
1727289916601,144.6715,0.0
1727289916756,144.672,0.0
1727289917214,144.6695,0.0
1727289917389,144.669,0.0
1727289917588,144.6695,0.0
1727289917940,144.6695,0.0
1727289918165,144.672,0.0
1727289918691,144.673,0.0
1727289918784,144.6715,0.0
1727289919186,144.672,0.0
1727289919693,144.6715,0.0
1727289920201,144.6705,0.0
1727289920975,144.671,0.0
1727289921475,144.671,0.0
1727289921257,144.6705,0.0
1727289922813,144.67,0.0
1727289923131,144.6715,0.0
1727289923470,144.6685,0.0
1727289923715,144.669,0.0
1727289923893,144.6685,0.0
1727289984323,144.679,0.0
1727289984679,144.6785,0.0
1727289986562,144.678,0.0
1727289986665,144.6785,0.0
1727289987065,144.679,0.0
1727289987201,144.678,0.0
1727289987398,144.6785,0.0
1727289988188,144.678,0.0
1727289988365,144.6785,0.0
1727289989794,144.678,0.0
1727289991036,144.6775,0.0
1727289991359,144.68,0.0
1727289991486,144.6795,0.0
1727289991722,144.68,0.0
1727289992109,144.68,0.0
1727289992237,144.6795,0.0
1727289992607,144.6795,0.0
1727289993822,144.68,0.0
1727289994462,144.68,0.0
1727289993973,144.6795,0.0
1727289994320,144.6795,0.0
1727289994765,144.6815,0.0
1727289995093,144.683,0.0
1727289995236,144.682,0.0
1727289995582,144.683,0.0
1727289995839,144.682,0.0
1727289996345,144.682,0.0
1727289997110,144.683,0.0
1727289997561,144.6825,0.0
1727289997859,144.68,0.0
1727289998033,144.6795,0.0
1727289998191,144.679,0.0
1727289998587,144.68,0.0
1727289999303,144.68,0.0
1727289999455,144.679,0.0
1727290000565,144.678,0.0
1727290000690,144.6775,0.0
1727290001032,144.6775,0.0
1727290001375,144.6775,0.0
1727290002619,144.67,0.0
1727290002197,144.677,0.0
1727290002884,144.669,0.0
1727290003085,144.6685,0.0
1727290003249,144.6695,0.0
1727290003491,144.67,0.0
1727290005789,144.672,0.0
1727290006125,144.6715,0.0
1727290006239,144.6705,0.0
1727290006650,144.671,0.0
1727290007117,144.6725,0.0
1727290006825,144.671,0.0
1727290007263,144.673,0.0
1727290007660,144.673,0.0
1727290008349,144.674,0.0
1727290008494,144.673,0.0
1727290008855,144.674,0.0
1727290008997,144.673,0.0
1727290009209,144.674,0.0
1727290009636,144.673,0.0
1727290009826,144.673,0.0
1727290010120,144.673,0.0
1727290011123,144.6735,0.0
1727290011189,144.673,0.0
1727290012742,144.6725,0.0
1727290013065,144.6735,0.0
1727290013384,144.674,0.0
1727290013566,144.674,0.0
1727290019577,144.679,0.0
1727290019017,144.679,0.0
1727290019250,144.6785,0.0
1727290019527,144.6795,0.0
1727290020021,144.679,0.0
1727290020186,144.6795,0.0
1727290020777,144.68,0.0
1727290020976,144.679,0.0
1727290021259,144.679,0.0
1727290021399,144.678,0.0
1727290021787,144.6795,0.0
1727290022193,144.68,0.0
1727290022420,144.6795,0.0
1727290023235,144.68,0.0
1727290023435,144.6795,0.0
1727290023610,144.68,0.0
1727290024463,144.681,0.0
1727290024583,144.68,0.0
1727290025881,144.68,0.0
1727290025689,144.681,0.0
1727290026214,144.6795,0.0
1727290026382,144.68,0.0
1727290026701,144.6795,0.0
1727290026908,144.68,0.0
1727290027276,144.68,0.0
1727290027811,144.68,0.0
1727290027480,144.679,0.0
1727290028315,144.679,0.0
1727290028636,144.6795,0.0
1727290028422,144.68,0.0
1727290029102,144.682,0.0
1727290029555,144.683,0.0
1727290029638,144.682,0.0
1727290030251,144.6795,0.0
1727290030452,144.6795,0.0
1727290030945,144.679,0.0
1727290031641,144.68,0.0
1727290032057,144.679,0.0
1727290033790,144.68,0.0
1727290033966,144.6795,0.0
1727290034755,144.68,0.0
1727290035053,144.6795,0.0
1727290035858,144.6805,0.0
1727290036013,144.679,0.0
1727290036298,144.679,0.0
1727290037309,144.6795,0.0
1727290038035,144.68,0.0
1727290038708,144.6795,0.0
1727290039060,144.68,0.0
1727290041338,144.681,0.0
1727290041464,144.679,0.0
1727290042052,144.678,0.0
1727290042172,144.679,0.0
1727290042668,144.678,0.0
1727290108322,144.6825,0.0
1727290108974,144.68,0.0
1727290109211,144.6815,0.0
1727290109478,144.6795,0.0
1727290109704,144.68,0.0
1727290110085,144.68,0.0
1727290110483,144.682,0.0
1727290109921,144.682,0.0
1727290110623,144.6805,0.0
1727290110892,144.6795,0.0
1727290111423,144.679,0.0
1727290111730,144.6795,0.0
1727290111998,144.68,0.0
1727290112318,144.6795,0.0
1727290112235,144.68,0.0
1727290112589,144.68,0.0
1727290112941,144.68,0.0
1727290113195,144.6795,0.0
1727290113300,144.679,0.0
1727290113530,144.6785,0.0
1727290114336,144.679,0.0
1727290114765,144.6795,0.0
1727290114952,144.679,0.0
1727290115138,144.6785,0.0
1727290116228,144.6785,0.0
1727290116916,144.679,0.0
1727290117061,144.6785,0.0
1727290117733,144.682,0.0
1727290117995,144.6805,0.0
1727290118903,144.6805,0.0
1727290118502,144.68,0.0
1727290119656,144.682,0.0
1727290121180,144.6825,0.0
1727290122097,144.682,0.0
1727290123168,144.683,0.0
1727290123489,144.683,0.0
1727290123894,144.683,0.0
1727290124228,144.6825,0.0
1727290124502,144.683,0.0
1727290125436,144.6835,0.0
1727290125633,144.6825,0.0
1727290126268,144.6815,0.0
1727290126397,144.682,0.0
1727290127482,144.687,0.0
1727290127613,144.6875,0.0
1727290128007,144.687,0.0
1727290128195,144.688,0.0
1727290128373,144.687,0.0
1727290128684,144.6865,0.0
1727290128927,144.687,0.0
1727290129439,144.6875,0.0
1727290130123,144.6885,0.0
1727290130427,144.689,0.0
1727290130709,144.6865,0.0
1727290130990,144.687,0.0
1727290131251,144.6875,0.0
1727290131422,144.687,0.0
1727290131726,144.6875,0.0
1727290131952,144.6895,0.0
1727290132192,144.688,0.0
1727290132634,144.6885,0.0
1727290133050,144.688,0.0
1727290133627,144.6875,0.0
1727290133990,144.6885,0.0
1727290134150,144.687,0.0
1727290135004,144.6875,0.0
1727290135155,144.688,0.0
1727290135540,144.688,0.0
1727290135800,144.687,0.0
1727290136052,144.6875,0.0
1727290136410,144.688,0.0
1727290137213,144.6875,0.0
1727290137544,144.6915,0.0
1727290137814,144.695,0.0
1727290137911,144.6945,0.0
1727290138251,144.6945,0.0
1727290138812,144.694,0.0
1727290138978,144.693,0.0
1727290139289,144.693,0.0
1727290139535,144.694,0.0
1727290139812,144.6955,0.0
1727290139979,144.694,0.0
1727290140137,144.6905,0.0
1727290140961,144.6895,0.0
1727290140529,144.689,0.0
1727290140791,144.6895,0.0
1727290141976,144.694,0.0
1727290143779,144.6935,0.0
1727290149068,144.683,0.0
1727290149287,144.684,0.0
1727290150054,144.6845,0.0
1727290150249,144.684,0.0
1727290150990,144.685,0.0
1727290151315,144.6855,0.0
1727290151496,144.6845,0.0
1727290151759,144.6855,0.0
1727290152024,144.685,0.0
1727290152145,144.6855,0.0
1727290152581,144.686,0.0
1727290152766,144.6865,0.0
1727290153038,144.6875,0.0
1727290153330,144.6885,0.0
1727290154357,144.6865,0.0
1727290154554,144.6875,0.0
1727290154769,144.689,0.0
1727290155064,144.6885,0.0
1727290155551,144.6885,0.0
1727290155740,144.69,0.0
1727290156015,144.6875,0.0
1727290156735,144.6875,0.0
1727290158323,144.688,0.0
1727290158499,144.6875,0.0
1727290158717,144.688,0.0
1727290159059,144.6875,0.0
1727290159514,144.687,0.0
1727290160040,144.688,0.0
1727290160373,144.6885,0.0
1727290160432,144.689,0.0
1727290161116,144.6905,0.0
1727290161368,144.6905,0.0
1727290161624,144.695,0.0
1727290161870,144.6945,0.0
1727290162098,144.695,0.0
1727290225703,144.6915,0.0
1727290226060,144.6915,0.0
1727290226194,144.6895,0.0
1727290229707,144.6885,0.0
1727290229887,144.6895,0.0
1727290230745,144.6885,0.0
1727290230888,144.689,0.0
1727290231739,144.6945,0.0
1727290233576,144.695,0.0
1727290233645,144.6945,0.0
1727290234043,144.6955,0.0
1727290234100,144.694,0.0
1727290235051,144.6945,0.0
1727290236595,144.697,0.0
1727290236257,144.696,0.0
1727290236449,144.6965,0.0
1727290237885,144.6965,0.0
1727290238520,144.697,0.0
1727290238868,144.6965,0.0
1727290238662,144.6975,0.0
1727290239231,144.696,0.0
1727290239681,144.697,0.0
1727290240338,144.696,0.0
1727290240525,144.697,0.0
1727290240768,144.6975,0.0
1727290241310,144.697,0.0
1727290241757,144.6975,0.0
1727290242542,144.698,0.0
1727290242754,144.6975,0.0
1727290243057,144.6975,0.0
1727290245007,144.697,0.0
1727290245434,144.6975,0.0
1727290245791,144.697,0.0
1727290247342,144.7035,0.0
1727290247598,144.704,0.0
1727290247786,144.704,0.0
1727290248052,144.7035,0.0
1727290248289,144.7055,0.0
1727290249082,144.7025,0.0
1727290249190,144.703,0.0
1727290249927,144.7025,0.0
1727290250495,144.703,0.0
1727290250989,144.7035,0.0
1727290252099,144.703,0.0
1727290252838,144.7025,0.0
1727290253396,144.702,0.0
1727290255686,144.7025,0.0
1727290256617,144.703,0.0
1727290256870,144.7065,0.0
1727290257072,144.7065,0.0
1727290257129,144.707,0.0
1727290257386,144.7065,0.0
1727290257998,144.707,0.0
1727290258181,144.7065,0.0
1727290258661,144.7065,0.0
1727290258598,144.707,0.0
1727290259118,144.707,0.0
1727290259513,144.706,0.0
1727290260611,144.7055,0.0
1727290260811,144.7065,0.0
1727290261603,144.7065,0.0
1727290262822,144.7095,0.0
1727290262926,144.7125,0.0
1727290263263,144.711,0.0
1727290263528,144.71,0.0
1727290265504,144.71,0.0
1727290267065,144.709,0.0
1727290267324,144.71,0.0
1727290267502,144.71,0.0
1727290266865,144.7095,0.0
1727290268833,144.71,0.0
1727290269114,144.7105,0.0
1727290269380,144.71,0.0
1727290270609,144.7095,0.0
1727290270861,144.71,0.0
1727290271007,144.7095,0.0
1727290271605,144.709,0.0
1727290271850,144.71,0.0
1727290272038,144.71,0.0
1727290272364,144.7105,0.0
1727290272544,144.71,0.0
1727290273114,144.709,0.0
1727290273287,144.709,0.0
1727290273726,144.709,0.0
1727290278851,144.708,0.0
1727290279576,144.707,0.0
1727290280096,144.7075,0.0
1727290280433,144.707,0.0
1727290280593,144.7075,0.0
1727290280956,144.7075,0.0
1727290281071,144.708,0.0
1727290281424,144.7065,0.0
1727290281491,144.7075,0.0
1727290282218,144.708,0.0
1727290282375,144.7075,0.0
1727290282858,144.707,0.0
1727290283080,144.7075,0.0
1727290284586,144.708,0.0
1727290284800,144.7075,0.0
1727290286882,144.707,0.0
1727290350556,144.7065,0.0
1727290350719,144.706,0.0
1727290350988,144.7055,0.0
1727290351408,144.706,0.0
1727290351620,144.7065,0.0
1727290352281,144.7045,0.0
1727290352073,144.706,0.0
1727290352337,144.7055,0.0
1727290352788,144.705,0.0
1727290352962,144.7065,0.0
1727290353301,144.705,0.0
1727290353555,144.705,0.0
1727290353610,144.7055,0.0
1727290353945,144.6965,0.0
1727290354737,144.6955,0.0
1727290354986,144.696,0.0
1727290356953,144.6955,0.0
1727290357129,144.696,0.0
1727290358574,144.698,0.0
1727290358636,144.697,0.0
1727290359570,144.697,0.0
1727290360086,144.699,0.0
1727290360437,144.6975,0.0
1727290360711,144.698,0.0
1727290360943,144.7005,0.0
1727290361675,144.6995,0.0
1727290362553,144.7055,0.0
1727290362800,144.7085,0.0
1727290362998,144.7065,0.0
1727290363299,144.706,0.0
1727290363450,144.705,0.0
1727290363755,144.706,0.0
1727290363947,144.706,0.0
1727290364291,144.7065,0.0
1727290365229,144.707,0.0
1727290365585,144.7065,0.0
1727290366088,144.706,0.0
1727290366264,144.706,0.0
1727290366414,144.706,0.0
1727290366788,144.7065,0.0
1727290366904,144.706,0.0
1727290368275,144.706,0.0
1727290368659,144.7065,0.0
1727290368550,144.705,0.0
1727290370324,144.706,0.0
1727290370435,144.7065,0.0
1727290371001,144.707,0.0
1727290371740,144.706,0.0
1727290371975,144.707,0.0
1727290372356,144.7065,0.0
1727290372701,144.706,0.0
1727290373114,144.7055,0.0
1727290373360,144.706,0.0
1727290373616,144.703,0.0
1727290373781,144.7035,0.0
1727290374031,144.7035,0.0
1727290374340,144.703,0.0
1727290374859,144.7065,0.0
1727290375057,144.7065,0.0
1727290375242,144.7065,0.0
1727290375484,144.707,0.0
1727290375679,144.706,0.0
1727290376098,144.707,0.0
1727290376282,144.706,0.0
1727290376513,144.707,0.0
1727290376778,144.704,0.0
1727290377018,144.7045,0.0
1727290377379,144.702,0.0
1727290377601,144.7035,0.0
1727290377823,144.7005,0.0
1727290377885,144.6985,0.0
1727290380355,144.6975,0.0
1727290380477,144.699,0.0
1727290380767,144.698,0.0
1727290381628,144.6975,0.0
1727290381700,144.6985,0.0
1727290382459,144.6965,0.0
1727290382864,144.696,0.0
1727290383326,144.6955,0.0
1727290383832,144.6965,0.0
1727290384052,144.697,0.0
1727290384605,144.6975,0.0
1727290384673,144.697,0.0
1727290385335,144.6985,0.0
1727290385827,144.698,0.0
1727290385576,144.6965,0.0
1727290386118,144.6975,0.0
1727290386600,144.6975,0.0
1727290386879,144.698,0.0
1727290386935,144.6975,0.0
1727290387199,144.697,0.0
1727290387623,144.698,0.0
1727290388343,144.6965,0.0
1727290388566,144.6965,0.0
1727290388908,144.697,0.0
1727290389319,144.6965,0.0
1727290389837,144.697,0.0
1727290390139,144.696,0.0
1727290390387,144.6965,0.0
1727290391568,144.698,0.0
1727290392831,144.6985,0.0
1727290392607,144.699,0.0
1727290394019,144.699,0.0
1727290394419,144.7015,0.0
1727290394528,144.6985,0.0
1727290395040,144.6975,0.0
1727290395463,144.6985,0.0
1727290395724,144.699,0.0
1727290395991,144.698,0.0
1727290398133,144.6995,0.0
1727290398420,144.699,0.0
1727290399790,144.703,0.0
1727290400117,144.7045,0.0
1727290400413,144.7035,0.0
1727290400661,144.703,0.0
1727290400940,144.7025,0.0
1727290401056,144.703,0.0
1727290401417,144.7045,0.0
1727290401521,144.7035,0.0
1727290401921,144.704,0.0
1727290402441,144.7045,0.0
1727290402165,144.7045,0.0
1727290402685,144.705,0.0
1727290402872,144.702,0.0
1727290403163,144.705,0.0
1727290403265,144.703,0.0
1727290403703,144.7025,0.0
1727290403900,144.703,0.0
1727290468015,144.699,0.0
1727290474097,144.6975,0.0
1727290474926,144.6975,0.0
1727290475308,144.697,0.0
1727290475427,144.697,0.0
1727290476280,144.697,0.0
1727290477261,144.697,0.0
1727290477426,144.698,0.0
1727290478680,144.698,0.0
1727290480778,144.698,0.0
1727290480148,144.6985,0.0
1727290480918,144.6955,0.0
1727290481128,144.697,0.0
1727290481499,144.6975,0.0
1727290481601,144.697,0.0
1727290484449,144.6975,0.0
1727290484821,144.698,0.0
1727290484935,144.6965,0.0
1727290486053,144.694,0.0
1727290485574,144.696,0.0
1727290485850,144.6945,0.0
1727290486859,144.6885,0.0
1727290487097,144.6905,0.0
1727290487147,144.6915,0.0
1727290487567,144.69,0.0
1727290488017,144.6905,0.0
1727290487812,144.691,0.0
1727290488589,144.6915,0.0
1727290489023,144.69,0.0
1727290489158,144.691,0.0
1727290489546,144.6905,0.0
1727290489827,144.69,0.0
1727290490013,144.6905,0.0
1727290490443,144.6945,0.0
1727290490708,144.696,0.0
1727290490988,144.696,0.0
1727290491316,144.6955,0.0
1727290491537,144.696,0.0
1727290491863,144.703,0.0
1727290492076,144.7035,0.0
1727290492141,144.703,0.0
1727290492929,144.701,0.0
1727290493181,144.7015,0.0
1727290493871,144.703,0.0
1727290494088,144.704,0.0
1727290494194,144.7035,0.0
1727290494587,144.7035,0.0
1727290494714,144.703,0.0
1727290495038,144.7025,0.0
1727290495399,144.7025,0.0
1727290495517,144.7035,0.0
1727290496338,144.704,0.0
1727290496570,144.704,0.0
1727290496687,144.7035,0.0
1727290497764,144.704,0.0
1727290498305,144.7035,0.0
1727290498635,144.704,0.0
1727290498813,144.7035,0.0
1727290499451,144.7035,0.0
1727290498940,144.703,0.0
1727290499200,144.704,0.0
1727290499766,144.704,0.0
1727290500054,144.7065,0.0
1727290500248,144.706,0.0
1727290501924,144.706,0.0
1727290502327,144.7075,0.0
1727290502494,144.7065,0.0
1727290502837,144.707,0.0
1727290504360,144.7065,0.0
1727290504487,144.707,0.0
1727290506264,144.707,0.0
1727290507337,144.707,0.0
1727290512425,144.7045,0.0
1727290511505,144.7065,0.0
1727290512685,144.7025,0.0
1727290512745,144.7015,0.0
1727290512012,144.707,0.0
1727290514627,144.7,0.0
1727290515219,144.7015,0.0
1727290515389,144.701,0.0
1727290516394,144.7015,0.0
1727290516641,144.701,0.0
1727290516829,144.7005,0.0
1727290517944,144.7,0.0
1727290518148,144.6995,0.0
1727290519059,144.7,0.0
1727290519961,144.7005,0.0
1727290520068,144.7,0.0
1727290522469,144.7005,0.0
1727290523713,144.701,0.0
1727290524059,144.7005,0.0
1727290524412,144.7,0.0
1727290524519,144.7005,0.0
1727290525195,144.7,0.0
1727290526858,144.701,0.0
1727290528578,144.7,0.0
1727290529430,144.7,0.0
1727290531163,144.7045,0.0
1727290531535,144.7055,0.0
1727290592173,144.6965,0.0
1727290592876,144.696,0.0
1727290593822,144.6965,0.0
1727290594867,144.697,0.0
1727290595309,144.695,0.0
1727290595571,144.696,0.0
1727290595797,144.6955,0.0
1727290596587,144.696,0.0
1727290596732,144.695,0.0
1727290597635,144.695,0.0
1727290597876,144.695,0.0
1727290598105,144.6955,0.0
1727290598173,144.6945,0.0
1727290598613,144.696,0.0
1727290598847,144.6935,0.0
1727290604166,144.6935,0.0
1727290604445,144.694,0.0
1727290604990,144.694,0.0
1727290605261,144.6945,0.0
1727290608512,144.694,0.0
1727290608711,144.694,0.0
1727290608978,144.694,0.0
1727290609457,144.695,0.0
1727290609781,144.6945,0.0
1727290610216,144.695,0.0
1727290610408,144.694,0.0
1727290610540,144.6945,0.0
1727290611522,144.694,0.0
1727290611745,144.6935,0.0
1727290612359,144.694,0.0
1727290612922,144.6935,0.0
1727290614535,144.6865,0.0
1727290614593,144.686,0.0
1727290614952,144.6855,0.0
1727290615266,144.686,0.0
1727290615609,144.6855,0.0
1727290616454,144.6865,0.0
1727290616983,144.69,0.0
1727290617534,144.6895,0.0
1727290618181,144.687,0.0
1727290619168,144.6865,0.0
1727290620291,144.6845,0.0
1727290620402,144.687,0.0
1727290619690,144.686,0.0
1727290619942,144.687,0.0
1727290621028,144.685,0.0
1727290621139,144.686,0.0
1727290621708,144.683,0.0
1727290621887,144.6835,0.0
1727290622208,144.6835,0.0
1727290623458,144.683,0.0
1727290623752,144.683,0.0
1727290624744,144.684,0.0
1727290626045,144.6845,0.0
1727290625661,144.683,0.0
1727290626267,144.684,0.0
1727290626319,144.6845,0.0
1727290627052,144.684,0.0
1727290627151,144.6845,0.0
1727290628311,144.683,0.0
1727290628369,144.6815,0.0
1727290629735,144.6765,0.0
1727290630600,144.676,0.0
1727290631058,144.6755,0.0
1727290631162,144.674,0.0
1727290631521,144.6745,0.0
1727290631629,144.673,0.0
1727290632242,144.6735,0.0
1727290632665,144.676,0.0
1727290632939,144.674,0.0
1727290633208,144.6735,0.0
1727290633522,144.673,0.0
1727290633762,144.674,0.0
1727290634189,144.6735,0.0
1727290634794,144.6725,0.0
1727290635075,144.6715,0.0
1727290635129,144.6725,0.0
1727290637009,144.6715,0.0
1727290637849,144.677,0.0
1727290637219,144.672,0.0
1727290637960,144.6765,0.0
1727290638241,144.677,0.0
1727290638548,144.6775,0.0
1727290637568,144.672,0.0
1727290638793,144.676,0.0
1727290638983,144.676,0.0
1727290639117,144.6755,0.0
1727290639810,144.677,0.0
1727290639945,144.6765,0.0
1727290640179,144.675,0.0
1727290640440,144.672,0.0
1727290640703,144.6715,0.0
1727290641218,144.6715,0.0
1727290641977,144.671,0.0
1727290642312,144.6715,0.0
1727290643577,144.6715,0.0
1727290644331,144.672,0.0
1727290645085,144.6715,0.0
1727290645149,144.672,0.0
1727290652208,144.6815,0.0
1727290709774,144.691,0.0
1727290709990,144.6905,0.0
1727290710355,144.692,0.0
1727290713752,144.689,0.0
1727290714097,144.6915,0.0
1727290714312,144.6935,0.0
1727290714490,144.6925,0.0
1727290715782,144.693,0.0
1727290715982,144.6925,0.0
1727290716313,144.692,0.0
1727290716843,144.685,0.0
1727290717011,144.6845,0.0
1727290722117,144.687,0.0
1727290722335,144.687,0.0
1727290722628,144.6865,0.0
1727290722741,144.69,0.0
1727290723101,144.6865,0.0
1727290723307,144.6885,0.0
1727290723520,144.6865,0.0
1727290723761,144.687,0.0
1727290724091,144.687,0.0
1727290724624,144.687,0.0
1727290724807,144.687,0.0
1727290725118,144.687,0.0
1727290725298,144.686,0.0
1727290725542,144.6875,0.0
1727290725760,144.688,0.0
1727290726103,144.687,0.0
1727290726381,144.687,0.0
1727290726628,144.6885,0.0
1727290726771,144.687,0.0
1727290727382,144.6865,0.0
1727290726957,144.686,0.0
1727290727579,144.6875,0.0
1727290727846,144.687,0.0
1727290728101,144.688,0.0
1727290728383,144.6865,0.0
1727290728826,144.6875,0.0
1727290734064,144.6885,0.0
1727290734636,144.6895,0.0
1727290734343,144.688,0.0
1727290734937,144.6875,0.0
1727290735187,144.689,0.0
1727290735462,144.688,0.0
1727290735714,144.688,0.0
1727290735927,144.688,0.0
1727290736174,144.6865,0.0
1727290736350,144.6875,0.0
1727290736659,144.6915,0.0
1727290736892,144.6885,0.0
1727290737126,144.6875,0.0
1727290737452,144.688,0.0
1727290737671,144.689,0.0
1727290737974,144.6895,0.0
1727290738194,144.689,0.0
1727290738469,144.69,0.0
1727290738655,144.6885,0.0
1727290738976,144.689,0.0
1727290739186,144.6895,0.0
1727290739381,144.6875,0.0
1727290739674,144.688,0.0
1727290739883,144.688,0.0
1727290740228,144.688,0.0
1727290740413,144.6885,0.0
1727290740940,144.692,0.0
1727290740646,144.688,0.0
1727290741124,144.6925,0.0
1727290741339,144.693,0.0
1727290741729,144.6925,0.0
1727290741974,144.692,0.0
1727290742389,144.692,0.0
1727290742560,144.692,0.0
1727290743217,144.693,0.0
1727290743376,144.691,0.0
1727290743727,144.691,0.0
1727290743938,144.6925,0.0
1727290744130,144.692,0.0
1727290744442,144.6925,0.0
1727290744972,144.693,0.0
1727290745149,144.693,0.0
1727290745499,144.6925,0.0
1727290745590,144.692,0.0
1727290745992,144.6915,0.0
1727290746324,144.692,0.0
1727290746677,144.6915,0.0
1727290747644,144.6925,0.0
1727290747988,144.6935,0.0
1727290748257,144.694,0.0
1727290748361,144.692,0.0
1727290748718,144.694,0.0
1727290748781,144.6925,0.0
1727290749259,144.6925,0.0
1727290749442,144.692,0.0
1727290749725,144.6925,0.0
1727290749996,144.6925,0.0
1727290750118,144.6925,0.0
1727290750340,144.692,0.0
1727290750635,144.6925,0.0
1727290751272,144.6955,0.0
1727290751485,144.6925,0.0
1727290751717,144.692,0.0
1727290752018,144.691,0.0
1727290752185,144.6915,0.0
1727290752364,144.691,0.0
1727290752885,144.6905,0.0
1727290753416,144.691,0.0
1727290753671,144.6915,0.0
1727290753804,144.6905,0.0
1727290754099,144.691,0.0
1727290754420,144.691,0.0
1727290755302,144.6915,0.0
1727290755660,144.6915,0.0
1727290755882,144.691,0.0
1727290756066,144.6915,0.0
1727290756748,144.691,0.0
1727290757287,144.6915,0.0
1727290757959,144.6915,0.0
1727290757340,144.691,0.0
1727290758189,144.6915,0.0
1727290758353,144.691,0.0
1727290759013,144.691,0.0
1727290758665,144.6915,0.0
1727290759290,144.691,0.0
1727290759532,144.69,0.0
1727290760052,144.6895,0.0
1727290759797,144.689,0.0
1727290760285,144.689,0.0
1727290761184,144.6895,0.0
1727290763516,144.692,0.0
1727290763748,144.691,0.0
1727290764049,144.693,0.0
1727290764292,144.6915,0.0
1727290764515,144.69,0.0
1727290765062,144.69,0.0
1727290765342,144.6905,0.0
1727290765717,144.69,0.0
1727290765898,144.6905,0.0
1727290766112,144.69,0.0
1727290766338,144.6905,0.0
1727290766756,144.691,0.0
1727290767048,144.688,0.0
1727290767335,144.6875,0.0
1727290768456,144.6875,0.0
1727290768258,144.688,0.0
1727290768852,144.687,0.0
1727290769363,144.6865,0.0
1727290834227,144.717,0.0
1727290834539,144.721,0.0
1727290834479,144.7195,0.0
1727290835207,144.7215,0.0
1727290835299,144.7205,0.0
1727290838436,144.7205,0.0
1727290839410,144.72,0.0
1727290839509,144.7205,0.0
1727290840225,144.7205,0.0
1727290841246,144.72,0.0
1727290841410,144.7205,0.0
1727290841526,144.7195,0.0
1727290842178,144.7215,0.0
1727290842583,144.7205,0.0
1727290843998,144.7205,0.0
1727290844239,144.7235,0.0
1727290844405,144.723,0.0
1727290844712,144.7215,0.0
1727290845005,144.7215,0.0
1727290845266,144.7225,0.0
1727290846236,144.722,0.0
1727290846508,144.723,0.0
1727290846934,144.7225,0.0
1727290847157,144.723,0.0
1727290847934,144.7225,0.0
1727290848185,144.723,0.0
1727290848537,144.7225,0.0
1727290849610,144.7225,0.0
1727290850005,144.722,0.0
1727290850423,144.72,0.0
1727290850867,144.715,0.0
1727290851751,144.717,0.0
1727290851231,144.717,0.0
1727290852203,144.718,0.0
1727290851937,144.7185,0.0
1727290852487,144.717,0.0
1727290851485,144.7155,0.0
1727290852666,144.7165,0.0
1727290852822,144.715,0.0
1727290853260,144.7165,0.0
1727290854617,144.715,0.0
1727290855401,144.717,0.0
1727290856132,144.7165,0.0
1727290857829,144.718,0.0
1727290858942,144.717,0.0
1727290858099,144.7175,0.0
1727290864183,144.7145,0.0
1727290864507,144.7125,0.0
1727290864901,144.7145,0.0
1727290865664,144.7145,0.0
1727290867117,144.7185,0.0
1727290866650,144.7185,0.0
1727290868140,144.7155,0.0
1727290868515,144.716,0.0
1727290867752,144.718,0.0
1727290868566,144.7165,0.0
1727290867001,144.717,0.0
1727290869947,144.7185,0.0
1727290870185,144.718,0.0
1727290870495,144.7185,0.0
1727290870763,144.719,0.0
1727290870952,144.719,0.0
1727290871219,144.721,0.0
1727290871412,144.721,0.0
1727290871673,144.719,0.0
1727290872235,144.72,0.0
1727290872345,144.718,0.0
1727290873418,144.7185,0.0
1727290873968,144.7185,0.0
1727290874108,144.719,0.0
1727290874455,144.719,0.0
1727290874708,144.7185,0.0
1727290874907,144.7185,0.0
1727290875088,144.7195,0.0
1727290875697,144.7175,0.0
1727290875881,144.718,0.0
1727290876407,144.7195,0.0
1727290877012,144.718,0.0
1727290877126,144.7175,0.0
1727290878748,144.7145,0.0
1727290878872,144.7165,0.0
1727290879552,144.7165,0.0
1727290879999,144.7165,0.0
1727290880203,144.7165,0.0
1727290881262,144.7155,0.0
1727290881743,144.717,0.0
1727290882555,144.717,0.0
1727290882012,144.715,0.0
1727290882280,144.7145,0.0
1727290882352,144.715,0.0
1727290882841,144.7165,0.0
1727290883511,144.715,0.0
1727290884611,144.7165,0.0
1727290885432,144.715,0.0
1727290885974,144.716,0.0
1727290886185,144.7155,0.0
1727290887053,144.715,0.0
1727290887122,144.7155,0.0
1727290887939,144.716,0.0
1727290888581,144.7155,0.0
1727290889274,144.715,0.0
1727291141004,144.68,0.0
1727291141221,144.6795,0.0
1727291142104,144.6805,0.0
1727291143053,144.6795,0.0
1727291145752,144.679,0.0
1727291146443,144.68,0.0
1727291146853,144.68,0.0
1727291146909,144.6795,0.0
1727291149855,144.6795,0.0
1727291149971,144.6795,0.0
1727291151052,144.68,0.0
1727291151623,144.6745,0.0
1727291151871,144.6735,0.0
1727291152041,144.6755,0.0
1727291152856,144.6735,0.0
1727291153052,144.675,0.0
1727291153404,144.679,0.0
1727291153645,144.679,0.0
1727291153708,144.6785,0.0
1727291154359,144.679,0.0
1727291154583,144.6785,0.0
1727291155018,144.679,0.0
1727291154756,144.678,0.0
1727291155257,144.679,0.0
1727291155947,144.679,0.0
1727291156386,144.6795,0.0
1727291156631,144.6795,0.0
1727291157290,144.6795,0.0
1727291157962,144.6775,0.0
1727291158595,144.6785,0.0
1727291158842,144.6785,0.0
1727291159053,144.6785,0.0
1727291159172,144.6795,0.0
1727291161865,144.6875,0.0
1727291163616,144.687,0.0
1727291163190,144.687,0.0
1727291164040,144.6875,0.0
1727291164370,144.685,0.0
1727291164702,144.6855,0.0
1727291164647,144.686,0.0
1727291164948,144.686,0.0
1727291165653,144.6875,0.0
1727291165926,144.6865,0.0
1727291166377,144.6865,0.0
1727291166558,144.686,0.0
1727291166892,144.6865,0.0
1727291167549,144.686,0.0
1727291168105,144.6855,0.0
1727291168299,144.685,0.0
1727291168669,144.6855,0.0
1727291169373,144.6855,0.0
1727291168957,144.686,0.0
1727291169694,144.686,0.0
1727291172421,144.686,0.0
1727291172509,144.6855,0.0
1727291173301,144.686,0.0
1727291174698,144.6855,0.0
1727291175557,144.6865,0.0
1727291176064,144.686,0.0
1727291176299,144.6865,0.0
1727291176594,144.686,0.0
1727291176837,144.6865,0.0
1727291177422,144.6865,0.0
1727291177926,144.688,0.0
1727291177526,144.689,0.0
1727291178211,144.6865,0.0
1727291178419,144.686,0.0
1727291178964,144.6945,0.0
1727291178650,144.6905,0.0
1727291179341,144.694,0.0
1727291179944,144.6915,0.0
1727291180184,144.69,0.0
1727291180258,144.6905,0.0
1727291182441,144.6895,0.0
1727291188358,144.6895,0.0
1727291190030,144.69,0.0
1727291190590,144.689,0.0
1727291190713,144.6895,0.0
1727291193379,144.691,0.0
1727291193615,144.693,0.0
1727291193664,144.6925,0.0
1727291194257,144.692,0.0
1727291194144,144.6925,0.0
1727291262134,144.6555,0.0
1727291263579,144.656,0.0
1727291266444,144.657,0.0
1727291266701,144.658,0.0
1727291266863,144.657,0.0
1727291267606,144.658,0.0
1727291267925,144.657,0.0
1727291268712,144.6565,0.0
1727291269165,144.657,0.0
1727291270145,144.6565,0.0
1727291272674,144.6545,0.0
1727291272803,144.655,0.0
1727291277537,144.6545,0.0
1727291278543,144.655,0.0
1727291279051,144.6545,0.0
1727291279542,144.655,0.0
1727291280054,144.6545,0.0
1727291280700,144.655,0.0
1727291281265,144.655,0.0
1727291282502,144.657,0.0
1727291282563,144.6575,0.0
1727291283412,144.6575,0.0
1727291283136,144.657,0.0
1727291283705,144.6575,0.0
1727291283924,144.6575,0.0
1727291284156,144.657,0.0
1727291284505,144.656,0.0
1727291284716,144.6555,0.0
1727291284788,144.655,0.0
1727291286386,144.6555,0.0
1727291288285,144.6535,0.0
1727291288339,144.656,0.0
1727291290134,144.6555,0.0
1727291291005,144.655,0.0
1727291291228,144.653,0.0
1727291291764,144.654,0.0
1727291291405,144.6545,0.0
1727291291903,144.655,0.0
1727291292596,144.6565,0.0
1727291292320,144.6575,0.0
1727291292409,144.6585,0.0
1727291293101,144.656,0.0
1727291295520,144.656,0.0
1727291295890,144.655,0.0
1727291295826,144.654,0.0
1727291296122,144.654,0.0
1727291296929,144.6545,0.0
1727291297298,144.652,0.0
1727291296765,144.655,0.0
1727291297475,144.6535,0.0
1727291298741,144.652,0.0
1727291298997,144.6525,0.0
1727291299847,144.6515,0.0
1727291299972,144.653,0.0
1727291300333,144.652,0.0
1727291300601,144.651,0.0
1727291300844,144.653,0.0
1727291301060,144.653,0.0
1727291301352,144.653,0.0
1727291301583,144.6515,0.0
1727291301833,144.6525,0.0
1727291302754,144.654,0.0
1727291303212,144.653,0.0
1727291303053,144.6535,0.0
1727291303598,144.6525,0.0
1727291303981,144.6525,0.0
1727291304297,144.652,0.0
1727291304448,144.654,0.0
1727291304759,144.654,0.0
1727291305366,144.652,0.0
1727291305629,144.654,0.0
1727291306549,144.653,0.0
1727291305836,144.6525,0.0
1727291305957,144.6535,0.0
1727291306333,144.6515,0.0
1727291306879,144.654,0.0
1727291307123,144.654,0.0
1727291308004,144.6535,0.0
1727291308434,144.654,0.0
1727291308383,144.653,0.0
1727291310395,144.6535,0.0
1727291312035,144.654,0.0
1727291312195,144.6535,0.0
1727291313311,144.6555,0.0
1727291319475,144.6545,0.0
1727291319533,144.655,0.0
1727291384274,144.6645,0.0
1727291384914,144.665,0.0
1727291385172,144.6645,0.0
1727291385581,144.665,0.0
1727291387830,144.6645,0.0
1727291389180,144.6645,0.0
1727291390458,144.6645,0.0
1727291391535,144.664,0.0
1727291391585,144.6645,0.0
1727291392989,144.6665,0.0
1727291392548,144.665,0.0
1727291395276,144.666,0.0
1727291395535,144.6645,0.0
1727291395842,144.6645,0.0
1727291395701,144.664,0.0
1727291396200,144.663,0.0
1727291396550,144.6635,0.0
1727291398255,144.6635,0.0
1727291397730,144.664,0.0
1727291398534,144.6625,0.0
1727291398052,144.6645,0.0
1727291398595,144.663,0.0
1727291398852,144.664,0.0
1727291399512,144.663,0.0
1727291400389,144.6605,0.0
1727291400286,144.659,0.0
1727291400757,144.661,0.0
1727291401015,144.6595,0.0
1727291401183,144.6605,0.0
1727291401814,144.6605,0.0
1727291401917,144.6605,0.0
1727291402777,144.66,0.0
1727291402424,144.661,0.0
1727291402908,144.66,0.0
1727291403727,144.662,0.0
1727291404053,144.662,0.0
1727291404314,144.6615,0.0
1727291404407,144.6595,0.0
1727291404590,144.659,0.0
1727291405012,144.66,0.0
1727291405168,144.66,0.0
1727291406037,144.66,0.0
1727291406151,144.6605,0.0
1727291406821,144.6605,0.0
1727291407535,144.6635,0.0
1727291407012,144.661,0.0
1727291407322,144.663,0.0
1727291407735,144.664,0.0
1727291408537,144.664,0.0
1727291408053,144.6635,0.0
1727291409551,144.664,0.0
1727291409753,144.6645,0.0
1727291409904,144.664,0.0
1727291410631,144.6645,0.0
1727291410946,144.664,0.0
1727291411325,144.6635,0.0
1727291411561,144.662,0.0
1727291411759,144.6625,0.0
1727291412075,144.6635,0.0
1727291412301,144.664,0.0
1727291412434,144.6635,0.0
1727291412678,144.664,0.0
1727291413490,144.664,0.0
1727291413749,144.664,0.0
1727291414149,144.665,0.0
1727291413219,144.664,0.0
1727291416009,144.6645,0.0
1727291416675,144.6645,0.0
1727291417577,144.6665,0.0
1727291415506,144.664,0.0
1727291417802,144.666,0.0
1727291415725,144.6645,0.0
1727291419473,144.6635,0.0
1727291421103,144.663,0.0
1727291421308,144.6635,0.0
1727291422238,144.6635,0.0
1727291422537,144.664,0.0
1727291423114,144.664,0.0
1727291423275,144.6635,0.0
1727291423575,144.665,0.0
1727291424702,144.6645,0.0
1727291425059,144.665,0.0
1727291425759,144.664,0.0
1727291425889,144.6645,0.0
1727291426853,144.664,0.0
1727291427001,144.6645,0.0
1727291428631,144.662,0.0
1727291428717,144.6635,0.0
1727291429224,144.664,0.0
1727291429409,144.6635,0.0
1727291431643,144.6635,0.0
1727291434458,144.664,0.0
1727291434853,144.6635,0.0
1727291435053,144.664,0.0
1727291435281,144.6635,0.0
1727291437146,144.664,0.0
1727291438943,144.663,0.0
1727291440545,144.6635,0.0
1727291502447,144.643,0.0
1727291502765,144.6435,0.0
1727291504138,144.641,0.0
1727291503330,144.6435,0.0
1727291504310,144.641,0.0
1727291504580,144.6405,0.0
1727291505188,144.641,0.0
1727291505890,144.6405,0.0
1727291506560,144.6385,0.0
1727291506871,144.639,0.0
1727291507387,144.6385,0.0
1727291508017,144.639,0.0
1727291508231,144.6395,0.0
1727291508485,144.638,0.0
1727291508851,144.6395,0.0
1727291508987,144.64,0.0
1727291514054,144.6335,0.0
1727291515060,144.634,0.0
1727291516056,144.6335,0.0
1727291518016,144.634,0.0
1727291518394,144.652,0.0
1727291518660,144.6505,0.0
1727291519131,144.651,0.0
1727291519235,144.6535,0.0
1727291520159,144.6515,0.0
1727291520211,144.6525,0.0
1727291520563,144.654,0.0
1727291521638,144.6535,0.0
1727291522851,144.654,0.0
1727291523912,144.654,0.0
1727291524011,144.6525,0.0
1727291524545,144.654,0.0
1727291526400,144.6545,0.0
1727291526910,144.6535,0.0
1727291527132,144.6545,0.0
1727291528346,144.654,0.0
1727291528440,144.654,0.0
1727291536571,144.655,0.0
1727291537426,144.6535,0.0
1727291537598,144.654,0.0
1727291538440,144.649,0.0
1727291538698,144.648,0.0
1727291539249,144.6485,0.0
1727291538929,144.6495,0.0
1727291539104,144.6485,0.0
1727291539699,144.6455,0.0
1727291540256,144.646,0.0
1727291540732,144.6455,0.0
1727291541895,144.645,0.0
1727291542190,144.645,0.0
1727291542752,144.644,0.0
1727291543062,144.6435,0.0
1727291543729,144.6445,0.0
1727291544197,144.6435,0.0
1727291544405,144.6445,0.0
1727291547206,144.6445,0.0
1727291548196,144.6425,0.0
1727291547723,144.6445,0.0
1727291548318,144.643,0.0
1727291550908,144.644,0.0
1727291550711,144.644,0.0
1727291551103,144.6445,0.0
1727291553106,144.644,0.0
1727291553348,144.6445,0.0
1727291554309,144.644,0.0
1727291555524,144.644,0.0
1727291555727,144.6445,0.0
1727291555903,144.644,0.0
1727291556623,144.6445,0.0
1727291557623,144.644,0.0
1727291557803,144.6445,0.0
1727291623565,144.6535,0.0
1727291623937,144.651,0.0
1727291624210,144.65,0.0
1727291623998,144.6495,0.0
1727291624706,144.6505,0.0
1727291624876,144.65,0.0
1727291625149,144.65,0.0
1727291626929,144.653,0.0
1727291627131,144.6525,0.0
1727291627412,144.652,0.0
1727291627557,144.6515,0.0
1727291627758,144.652,0.0
1727291628198,144.6535,0.0
1727291628404,144.652,0.0
1727291628479,144.6525,0.0
1727291629638,144.653,0.0
1727291630161,144.6525,0.0
1727291630572,144.653,0.0
1727291631179,144.6515,0.0
1727291631230,144.652,0.0
1727291631502,144.6525,0.0
1727291632001,144.652,0.0
1727291632428,144.6535,0.0
1727291632637,144.6525,0.0
1727291634383,144.653,0.0
1727291635905,144.652,0.0
1727291636296,144.652,0.0
1727291636013,144.6525,0.0
1727291636882,144.6525,0.0
1727291638250,144.6525,0.0
1727291637625,144.6515,0.0
1727291638061,144.652,0.0
1727291638644,144.6525,0.0
1727291638953,144.653,0.0
1727291639231,144.6505,0.0
1727291639109,144.65,0.0
1727291644212,144.652,0.0
1727291645390,144.652,0.0
1727291645827,144.6525,0.0
1727291648662,144.652,0.0
1727291650633,144.6535,0.0
1727291650760,144.6505,0.0
1727291651066,144.6475,0.0
1727291651329,144.644,0.0
1727291651549,144.6425,0.0
1727291652099,144.6425,0.0
1727291651879,144.643,0.0
1727291652229,144.643,0.0
1727291652434,144.642,0.0
1727291653052,144.6435,0.0
1727291652817,144.643,0.0
1727291653639,144.642,0.0
1727291654049,144.642,0.0
1727291653694,144.643,0.0
1727291654897,144.6435,0.0
1727291655053,144.643,0.0
1727291655269,144.643,0.0
1727291655981,144.642,0.0
1727291658110,144.642,0.0
1727291661626,144.641,0.0
1727291661923,144.6415,0.0
1727291662160,144.642,0.0
1727291662449,144.642,0.0
1727291662961,144.643,0.0
1727291663090,144.643,0.0
1727291663467,144.643,0.0
1727291664052,144.643,0.0
1727291664406,144.6425,0.0
1727291665053,144.643,0.0
1727291665269,144.6435,0.0
1727291665795,144.643,0.0
1727291666055,144.6435,0.0
1727291666334,144.643,0.0
1727291666561,144.6425,0.0
1727291666813,144.6415,0.0
1727291667867,144.642,0.0
1727291668981,144.6395,0.0
1727291668475,144.639,0.0
1727291668707,144.639,0.0
1727291669921,144.6395,0.0
1727291669664,144.639,0.0
1727291670417,144.639,0.0
1727291671067,144.6395,0.0
1727291672055,144.639,0.0
1727291672741,144.6365,0.0
1727291673021,144.6365,0.0
1727291672458,144.638,0.0
1727291673086,144.637,0.0
1727291673494,144.6345,0.0
1727291674004,144.6395,0.0
1727291674217,144.6405,0.0
1727291673668,144.6355,0.0
1727291674526,144.6415,0.0
1727291674736,144.648,0.0
1727291675038,144.6525,0.0
1727291675521,144.6515,0.0
1727291675293,144.651,0.0
1727291675720,144.652,0.0
1727291675854,144.651,0.0
1727291682046,144.6515,0.0
1727291682257,144.651,0.0
1727291734672,144.644,0.0
1727291737592,144.643,0.0
1727291737862,144.644,0.0
1727291738006,144.642,0.0
1727291738522,144.644,0.0
1727291738657,144.643,0.0
1727291738910,144.644,0.0
1727291739233,144.643,0.0
1727291739516,144.6405,0.0
1727291739859,144.6385,0.0
1727291740098,144.638,0.0
1727291740160,144.639,0.0
1727291740500,144.638,0.0
1727291740805,144.641,0.0
1727291741619,144.641,0.0
1727291742320,144.6415,0.0
1727291742498,144.641,0.0
1727291744152,144.642,0.0
1727291746370,144.642,0.0
1727291747604,144.643,0.0
1727291748054,144.644,0.0
1727291748560,144.644,0.0
1727291748853,144.643,0.0
1727291749327,144.644,0.0
1727291749610,144.642,0.0
1727291749752,144.643,0.0
1727291750101,144.641,0.0
1727291750336,144.643,0.0
1727291750614,144.642,0.0
1727291750700,144.643,0.0
1727291751629,144.642,0.0
1727291753103,144.641,0.0
1727291753177,144.642,0.0
1727291753774,144.643,0.0
1727291754117,144.64,0.0
1727291754291,144.642,0.0
1727291754903,144.6375,0.0
1727291755070,144.638,0.0
1727291755373,144.638,0.0
1727291755648,144.642,0.0
1727291755882,144.642,0.0
1727291756160,144.6395,0.0
1727291757090,144.637,0.0
1727291757419,144.638,0.0
1727291757484,144.64,0.0
1727291757900,144.638,0.0
1727291758156,144.639,0.0
1727291758340,144.638,0.0
1727291758608,144.639,0.0
1727291759147,144.638,0.0
1727291759255,144.639,0.0
1727291759525,144.639,0.0
1727291760386,144.639,0.0
1727291760157,144.64,0.0
1727291760878,144.637,0.0
1727291761101,144.638,0.0
1727291761271,144.639,0.0
1727291761645,144.639,0.0
1727291761926,144.6375,0.0
1727291762134,144.638,0.0
1727291762397,144.638,0.0
1727291762535,144.639,0.0
1727291763561,144.638,0.0
1727291763933,144.639,0.0
1727291763995,144.637,0.0
1727291765445,144.6405,0.0
1727291765626,144.6405,0.0
1727291765131,144.638,0.0
1727291765895,144.641,0.0
1727291766052,144.64,0.0
1727291766379,144.644,0.0
1727291766674,144.643,0.0
1727291767093,144.644,0.0
1727291767705,144.644,0.0
1727291768859,144.644,0.0
1727291769922,144.642,0.0
1727291770383,144.644,0.0
1727291775421,144.644,0.0
1727291775693,144.643,0.0
1727291775970,144.645,0.0
1727291776047,144.644,0.0
1727291776572,144.644,0.0
1727291777274,144.643,0.0
1727291778176,144.643,0.0
1727291779307,144.644,0.0
1727291779702,144.642,0.0
1727291779824,144.644,0.0
1727291783184,144.643,0.0
1727291784408,144.643,0.0
1727291785052,144.644,0.0
1727291786226,144.6415,0.0
1727291786730,144.642,0.0
1727291786359,144.644,0.0
1727291786945,144.644,0.0
1727291787662,144.642,0.0
1727291787383,144.6415,0.0
1727291788609,144.643,0.0
1727291788484,144.643,0.0
1727291789235,144.643,0.0
1727291789407,144.644,0.0
1727291789712,144.644,0.0
1727291790759,144.643,0.0
1727291795187,144.644,0.0
1727291795397,144.643,0.0
1727291795565,144.644,0.0
1727291856541,144.632,0.0
1727291856427,144.633,0.0
1727291860454,144.633,0.0
1727291866403,144.632,0.0
1727291866461,144.631,0.0
1727291867507,144.629,0.0
1727291868827,144.629,0.0
1727291868692,144.63,0.0
1727291869006,144.6295,0.0
1727291869383,144.6285,0.0
1727291869692,144.629,0.0
1727291870425,144.629,0.0
1727291870675,144.6295,0.0
1727291870914,144.628,0.0
1727291871200,144.6295,0.0
1727291871327,144.629,0.0
1727291871652,144.6305,0.0
1727291871857,144.63,0.0
1727291872205,144.63,0.0
1727291872393,144.6295,0.0
1727291874304,144.63,0.0
1727291874769,144.626,0.0
1727291874075,144.6295,0.0
1727291875196,144.6255,0.0
1727291875386,144.625,0.0
1727291875957,144.6255,0.0
1727291875545,144.6255,0.0
1727291876124,144.6255,0.0
1727291876981,144.625,0.0
1727291876417,144.625,0.0
1727291876589,144.6255,0.0
1727291878053,144.6255,0.0
1727291878601,144.6255,0.0
1727291879211,144.6255,0.0
1727291880416,144.6255,0.0
1727291880611,144.625,0.0
1727291880853,144.6255,0.0
1727291881203,144.6245,0.0
1727291881601,144.6255,0.0
1727291881426,144.626,0.0
1727291881852,144.625,0.0
1727291882021,144.6255,0.0
1727291882255,144.6265,0.0
1727291882916,144.6265,0.0
1727291882994,144.6255,0.0
1727291883421,144.626,0.0
1727291884326,144.626,0.0
1727291885417,144.6265,0.0
1727291885547,144.6265,0.0
1727291886183,144.626,0.0
1727291886351,144.6255,0.0
1727291886683,144.6245,0.0
1727291886924,144.6275,0.0
1727291887179,144.628,0.0
1727291887425,144.627,0.0
1727291887994,144.6265,0.0
1727291888451,144.626,0.0
1727291888657,144.6265,0.0
1727291889124,144.6275,0.0
1727291888930,144.6275,0.0
1727291889237,144.6265,0.0
1727291890056,144.627,0.0
1727291891231,144.626,0.0
1727291891727,144.626,0.0
1727291891885,144.6265,0.0
1727291892806,144.6265,0.0
1727291893134,144.627,0.0
1727291893446,144.6275,0.0
1727291893591,144.626,0.0
1727291894230,144.626,0.0
1727291894422,144.6255,0.0
1727291895118,144.627,0.0
1727291895724,144.6265,0.0
1727291896619,144.626,0.0
1727291896960,144.6265,0.0
1727291897076,144.6205,0.0
1727291897266,144.619,0.0
1727291898579,144.6205,0.0
1727291899500,144.6185,0.0
1727291899917,144.618,0.0
1727291900186,144.6175,0.0
1727291900393,144.618,0.0
1727291900573,144.6175,0.0
1727291901409,144.6175,0.0
1727291901681,144.618,0.0
1727291902003,144.619,0.0
1727291902137,144.6205,0.0
1727291902494,144.62,0.0
1727291905126,144.6185,0.0
1727291905434,144.62,0.0
1727291905746,144.6195,0.0
1727291906052,144.62,0.0
1727291906902,144.6195,0.0
1727291907264,144.6195,0.0
1727291907432,144.62,0.0
1727291907577,144.6205,0.0
1727291907821,144.619,0.0
1727291908268,144.62,0.0
1727291908652,144.6195,0.0
1727291908814,144.6205,0.0
1727291909442,144.62,0.0
1727291909730,144.6205,0.0
1727291909885,144.6205,0.0
1727291910675,144.621,0.0
1727291911088,144.6215,0.0
1727291912747,144.619,0.0
1727291914129,144.6205,0.0
1727291914408,144.62,0.0
1727291914623,144.62,0.0
1727291914795,144.6205,0.0
1727291916058,144.62,0.0
1727291916912,144.6205,0.0
1727291975588,144.6195,0.0
1727291975697,144.6215,0.0
1727291978442,144.623,0.0
1727291978826,144.6225,0.0
1727291979315,144.6225,0.0
1727291979528,144.622,0.0
1727291979754,144.6215,0.0
1727291979961,144.621,0.0
1727291980335,144.6215,0.0
1727291980473,144.6195,0.0
1727291981050,144.622,0.0
1727291981670,144.6225,0.0
1727291982600,144.621,0.0
1727291982776,144.623,0.0
1727291983041,144.6225,0.0
1727291984061,144.623,0.0
1727291984118,144.6235,0.0
1727291984923,144.6215,0.0
1727291985337,144.62,0.0
1727291985536,144.6215,0.0
1727291986819,144.622,0.0
1727291988055,144.6215,0.0
1727291989415,144.6215,0.0
1727291989989,144.622,0.0
1727291990181,144.6215,0.0
1727291995417,144.621,0.0
1727291996612,144.621,0.0
1727291998060,144.6215,0.0
1727291999055,144.621,0.0
1727291999334,144.622,0.0
1727291999469,144.622,0.0
1727292000168,144.6205,0.0
1727292000115,144.62,0.0
1727292002861,144.622,0.0
1727292003057,144.6215,0.0
1727292003273,144.622,0.0
1727292003416,144.6215,0.0
1727292003961,144.621,0.0
1727292004877,144.621,0.0
1727292005521,144.6205,0.0
1727292005643,144.621,0.0
1727292010113,144.617,0.0
1727292010394,144.616,0.0
1727292010884,144.6165,0.0
1727292010557,144.6175,0.0
1727292011387,144.6165,0.0
1727292011503,144.6145,0.0
1727292011903,144.6175,0.0
1727292012082,144.6155,0.0
1727292012391,144.616,0.0
1727292012621,144.617,0.0
1727292012676,144.6165,0.0
1727292013164,144.612,0.0
1727292013364,144.6135,0.0
1727292013622,144.613,0.0
1727292014155,144.613,0.0
1727292013899,144.6135,0.0
1727292014382,144.6135,0.0
1727292014537,144.614,0.0
1727292015131,144.6135,0.0
1727292014777,144.614,0.0
1727292015365,144.6135,0.0
1727292015647,144.6135,0.0
1727292015776,144.613,0.0
1727292016651,144.614,0.0
1727292016132,144.6135,0.0
1727292017110,144.6145,0.0
1727292017224,144.615,0.0
1727292017865,144.6135,0.0
1727292018007,144.6135,0.0
1727292018726,144.614,0.0
1727292019136,144.6135,0.0
1727292019380,144.613,0.0
1727292019649,144.6135,0.0
1727292020735,144.6125,0.0
1727292020630,144.6135,0.0
1727292021057,144.613,0.0
1727292021821,144.6125,0.0
1727292022138,144.613,0.0
1727292022224,144.6135,0.0
1727292023646,144.614,0.0
1727292024271,144.613,0.0
1727292023930,144.6135,0.0
1727292024163,144.6155,0.0
1727292024664,144.6135,0.0
1727292024831,144.613,0.0
1727292025387,144.612,0.0
1727292025447,144.6125,0.0
1727292027140,144.6145,0.0
1727292027439,144.613,0.0
1727292027601,144.6135,0.0
1727292028109,144.6135,0.0
1727292028672,144.612,0.0
1727292028407,144.6115,0.0
1727292028788,144.612,0.0
1727292029155,144.612,0.0
1727292029441,144.6125,0.0
1727292029555,144.612,0.0
1727292029776,144.612,0.0
1727292031212,144.611,0.0
1727292031484,144.6125,0.0
1727292031435,144.612,0.0
1727292032346,144.612,0.0
1727292032963,144.6125,0.0
1727292033941,144.6115,0.0
1727292037187,144.6155,0.0
1727292037356,144.6185,0.0
1727292100351,144.6335,0.0
1727292101062,144.633,0.0
1727292101554,144.6335,0.0
1727292101906,144.633,0.0
1727292102345,144.634,0.0
1727292102565,144.634,0.0
1727292103766,144.633,0.0
1727292104454,144.6335,0.0
1727292104820,144.6345,0.0
1727292104927,144.634,0.0
1727292105611,144.6345,0.0
1727292105724,144.6325,0.0
1727292106119,144.634,0.0
1727292106632,144.633,0.0
1727292107051,144.633,0.0
1727292110338,144.634,0.0
1727292109657,144.6335,0.0
1727292110059,144.633,0.0
1727292111020,144.6335,0.0
1727292111379,144.633,0.0
1727292112437,144.6325,0.0
1727292112919,144.6335,0.0
1727292113128,144.633,0.0
1727292113186,144.6335,0.0
1727292114071,144.633,0.0
1727292115411,144.632,0.0
1727292116000,144.6315,0.0
1727292116253,144.632,0.0
1727292116519,144.6315,0.0
1727292117067,144.632,0.0
1727292120400,144.633,0.0
1727292120135,144.633,0.0
1727292120584,144.6325,0.0
1727292121011,144.633,0.0
1727292126256,144.6335,0.0
1727292128384,144.633,0.0
1727292129055,144.6335,0.0
1727292130431,144.6345,0.0
1727292130671,144.6345,0.0
1727292130899,144.635,0.0
1727292131229,144.6345,0.0
1727292131893,144.633,0.0
1727292132431,144.635,0.0
1727292132186,144.6355,0.0
1727292132661,144.635,0.0
1727292132867,144.635,0.0
1727292133176,144.6345,0.0
1727292134894,144.635,0.0
1727292134666,144.635,0.0
1727292135146,144.6345,0.0
1727292135948,144.6345,0.0
1727292135379,144.6355,0.0
1727292135517,144.635,0.0
1727292136056,144.6355,0.0
1727292136490,144.6345,0.0
1727292136355,144.635,0.0
1727292145458,144.633,0.0
1727292146066,144.6325,0.0
1727292146664,144.631,0.0
1727292146800,144.6325,0.0
1727292147309,144.632,0.0
1727292148510,144.6325,0.0
1727292150068,144.633,0.0
1727292150313,144.6325,0.0
1727292151057,144.633,0.0
1727292152477,144.632,0.0
1727292152688,144.633,0.0
1727292152904,144.6325,0.0
1727292154412,144.6325,0.0
1727292154603,144.6325,0.0
1727292156553,144.632,0.0
1727292220471,144.631,0.0
1727292220625,144.633,0.0
1727292220982,144.63,0.0
1727292221352,144.629,0.0
1727292221859,144.6295,0.0
1727292222010,144.63,0.0
1727292222284,144.6285,0.0
1727292222587,144.6295,0.0
1727292222986,144.63,0.0
1727292224848,144.6295,0.0
1727292224971,144.629,0.0
1727292226809,144.6305,0.0
1727292226986,144.6305,0.0
1727292227415,144.631,0.0
1727292227970,144.6305,0.0
1727292228299,144.6335,0.0
1727292228613,144.6325,0.0
1727292228812,144.633,0.0
1727292228906,144.6325,0.0
1727292230474,144.633,0.0
1727292230976,144.6325,0.0
1727292232294,144.633,0.0
1727292232592,144.6335,0.0
1727292235852,144.635,0.0
1727292238452,144.634,0.0
1727292238796,144.6345,0.0
1727292237972,144.6355,0.0
1727292236061,144.6345,0.0
1727292238311,144.635,0.0
1727292239473,144.635,0.0
1727292240193,144.6355,0.0
1727292240055,144.635,0.0
1727292243071,144.634,0.0
1727292243882,144.634,0.0
1727292243634,144.6345,0.0
1727292244383,144.635,0.0
1727292245181,144.6335,0.0
1727292245384,144.6345,0.0
1727292246410,144.634,0.0
1727292246589,144.634,0.0
1727292247050,144.6345,0.0
1727292248316,144.6345,0.0
1727292248549,144.634,0.0
1727292250057,144.6345,0.0
1727292250802,144.6325,0.0
1727292251150,144.6335,0.0
1727292256508,144.6295,0.0
1727292256806,144.629,0.0
1727292256878,144.6285,0.0
1727292257791,144.6295,0.0
1727292258059,144.634,0.0
1727292258218,144.6305,0.0
1727292259368,144.633,0.0
1727292259658,144.6325,0.0
1727292260072,144.633,0.0
1727292260522,144.631,0.0
1727292261825,144.631,0.0
1727292262043,144.6325,0.0
1727292262165,144.6315,0.0
1727292263551,144.6325,0.0
1727292262695,144.632,0.0
1727292262981,144.6325,0.0
1727292263813,144.6325,0.0
1727292263869,144.632,0.0
1727292264357,144.632,0.0
1727292265352,144.633,0.0
1727292265752,144.6325,0.0
1727292267608,144.6325,0.0
1727292268051,144.631,0.0
1727292268364,144.633,0.0
1727292268670,144.6305,0.0
1727292268618,144.633,0.0
1727292270030,144.6325,0.0
1727292269257,144.633,0.0
1727292269564,144.6325,0.0
1727292269771,144.633,0.0
1727292270301,144.6335,0.0
1727292270510,144.632,0.0
1727292271625,144.633,0.0
1727292272348,144.6335,0.0
1727292273624,144.633,0.0
1727292273679,144.6325,0.0
1727292274057,144.6305,0.0
1727292275143,144.6325,0.0
1727292275376,144.633,0.0
1727292275607,144.6325,0.0
1727292275718,144.6335,0.0
1727292277632,144.63,0.0
1727292277761,144.6305,0.0
1727292277961,144.6315,0.0
1727292278583,144.631,0.0
1727292343776,144.6365,0.0
1727292345209,144.635,0.0
1727292345397,144.6355,0.0
1727292345968,144.6405,0.0
1727292346190,144.6415,0.0
1727292346307,144.641,0.0
1727292346499,144.642,0.0
1727292348648,144.641,0.0
1727292349171,144.6415,0.0
1727292349684,144.641,0.0
1727292349790,144.6405,0.0
1727292350203,144.641,0.0
1727292351411,144.641,0.0
1727292351665,144.6405,0.0
1727292350663,144.642,0.0
1727292352988,144.643,0.0
1727292354941,144.6425,0.0
1727292355071,144.643,0.0
1727292356220,144.64,0.0
1727292357626,144.641,0.0
1727292358507,144.641,0.0
1727292358748,144.6425,0.0
1727292359110,144.6415,0.0
1727292358801,144.6435,0.0
1727292359488,144.6395,0.0
1727292359695,144.6405,0.0
1727292360239,144.646,0.0
1727292360485,144.6455,0.0
1727292360689,144.646,0.0
1727292361026,144.6455,0.0
1727292361089,144.646,0.0
1727292361963,144.646,0.0
1727292362459,144.646,0.0
1727292363772,144.6415,0.0
1727292362796,144.643,0.0
1727292363909,144.642,0.0
1727292364653,144.643,0.0
1727292363205,144.644,0.0
1727292363477,144.642,0.0
1727292364885,144.6425,0.0
1727292365747,144.642,0.0
1727292365462,144.6415,0.0
1727292365816,144.6425,0.0
1727292366210,144.6415,0.0
1727292366426,144.643,0.0
1727292366734,144.644,0.0
1727292366795,144.643,0.0
1727292367425,144.6425,0.0
1727292369574,144.643,0.0
1727292371546,144.642,0.0
1727292371615,144.643,0.0
1727292372053,144.642,0.0
1727292372267,144.6395,0.0
1727292372433,144.643,0.0
1727292372619,144.6415,0.0
1727292373307,144.643,0.0
1727292373733,144.641,0.0
1727292373987,144.641,0.0
1727292374265,144.642,0.0
1727292374557,144.6435,0.0
1727292373562,144.643,0.0
1727292375793,144.642,0.0
1727292376012,144.6425,0.0
1727292377797,144.642,0.0
1727292377950,144.643,0.0
1727292378746,144.642,0.0
1727292378563,144.643,0.0
1727292378931,144.643,0.0
1727292379140,144.6425,0.0
1727292379514,144.643,0.0
1727292386059,144.647,0.0
1727292388106,144.652,0.0
1727292388482,144.6515,0.0
1727292388541,144.651,0.0
1727292389400,144.6515,0.0
1727292389516,144.651,0.0
1727292390557,144.651,0.0
1727292393050,144.6505,0.0
1727292393303,144.651,0.0
1727292393908,144.6505,0.0
1727292396380,144.6505,0.0
1727292396617,144.651,0.0
1727292397127,144.6505,0.0
1727292397414,144.65,0.0
1727292397516,144.6505,0.0
1727292462277,144.646,0.0
1727292462338,144.6455,0.0
1727292462761,144.646,0.0
1727292462813,144.645,0.0
1727292464759,144.6455,0.0
1727292464889,144.6465,0.0
1727292465501,144.647,0.0
1727292465625,144.6475,0.0
1727292466794,144.6475,0.0
1727292468490,144.6475,0.0
1727292471869,144.6445,0.0
1727292471807,144.644,0.0
1727292472154,144.644,0.0
1727292473816,144.647,0.0
1727292474259,144.647,0.0
1727292475490,144.648,0.0
1727292475834,144.6455,0.0
1727292475938,144.644,0.0
1727292476579,144.6445,0.0
1727292477489,144.645,0.0
1727292478332,144.6455,0.0
1727292478000,144.6445,0.0
1727292478385,144.6445,0.0
1727292479053,144.6435,0.0
1727292479130,144.644,0.0
1727292479370,144.6435,0.0
1727292479956,144.644,0.0
1727292480759,144.6435,0.0
1727292481489,144.646,0.0
1727292481695,144.644,0.0
1727292482054,144.644,0.0
1727292482577,144.6445,0.0
1727292482727,144.6435,0.0
1727292483008,144.645,0.0
1727292483316,144.644,0.0
1727292483668,144.6445,0.0
1727292484313,144.6445,0.0
1727292484537,144.6445,0.0
1727292485565,144.6455,0.0
1727292485716,144.6445,0.0
1727292486340,144.644,0.0
1727292486527,144.6445,0.0
1727292486831,144.646,0.0
1727292487003,144.643,0.0
1727292487254,144.6435,0.0
1727292487745,144.6445,0.0
1727292487542,144.6445,0.0
1727292490014,144.644,0.0
1727292490141,144.6445,0.0
1727292491083,144.644,0.0
1727292491611,144.6445,0.0
1727292492775,144.6445,0.0
1727292492886,144.6455,0.0
1727292493226,144.6455,0.0
1727292497338,144.6425,0.0
1727292499640,144.6475,0.0
1727292499393,144.6455,0.0
1727292500063,144.647,0.0
1727292500210,144.647,0.0
1727292502806,144.647,0.0
1727292503108,144.6465,0.0
1727292503305,144.6465,0.0
1727292504103,144.646,0.0
1727292504898,144.6465,0.0
1727292505139,144.647,0.0
1727292505542,144.6465,0.0
1727292505830,144.647,0.0
1727292507337,144.6475,0.0
1727292507525,144.647,0.0
1727292509147,144.647,0.0
1727292509211,144.6465,0.0
1727292509961,144.647,0.0
1727292510298,144.6465,0.0
1727292510880,144.6455,0.0
1727292511159,144.647,0.0
1727292511264,144.6455,0.0
1727292514641,144.648,0.0
1727292516879,144.647,0.0
1727292517083,144.6525,0.0
1727292517663,144.652,0.0
1727292517349,144.6535,0.0
1727292518117,144.6545,0.0
1727292518441,144.652,0.0
1727292519051,144.6515,0.0
1727292519433,144.652,0.0
1727292519484,144.6525,0.0
1727292519874,144.653,0.0
1727292520074,144.6525,0.0
1727292520405,144.652,0.0
1727292520883,144.6525,0.0
1727292522589,144.652,0.0
1727292584591,144.667,0.0
1727292586290,144.666,0.0
1727292587015,144.6665,0.0
1727292587434,144.6655,0.0
1727292591054,144.6665,0.0
1727292591400,144.664,0.0
1727292591451,144.6645,0.0
1727292593360,144.6655,0.0
1727292593885,144.666,0.0
1727292592890,144.666,0.0
1727292594393,144.6665,0.0
1727292594605,144.6655,0.0
1727292595596,144.666,0.0
1727292596979,144.666,0.0
1727292597181,144.666,0.0
1727292600108,144.667,0.0
1727292601723,144.668,0.0
1727292601665,144.6675,0.0
1727292602054,144.6675,0.0
1727292604432,144.667,0.0
1727292605838,144.678,0.0
1727292605655,144.6765,0.0
1727292604856,144.6695,0.0
1727292605986,144.679,0.0
1727292603160,144.664,0.0
1727292602453,144.6655,0.0
1727292605174,144.676,0.0
1727292607601,144.678,0.0
1727292609341,144.6875,0.0
1727292608275,144.6785,0.0
1727292610887,144.6845,0.0
1727292603423,144.665,0.0
1727292609666,144.6875,0.0
1727292609805,144.687,0.0
1727292608924,144.686,0.0
1727292603627,144.6645,0.0
1727292611614,144.6825,0.0
1727292609114,144.687,0.0
1727292603778,144.6655,0.0
1727292612127,144.684,0.0
1727292610380,144.6855,0.0
1727292604068,144.667,0.0
1727292613362,144.6845,0.0
1727292612366,144.6855,0.0
1727292604380,144.668,0.0
1727292605354,144.674,0.0
1727292614736,144.6835,0.0
1727292615627,144.686,0.0
1727292616988,144.6845,0.0
1727292617385,144.683,0.0
1727292617456,144.6825,0.0
1727292615694,144.6845,0.0
1727292618008,144.6785,0.0
1727292619675,144.6765,0.0
1727292620193,144.676,0.0
1727292618984,144.6765,0.0
1727292620494,144.6775,0.0
1727292619410,144.679,0.0
1727292621199,144.679,0.0
1727292621624,144.6775,0.0
1727292621869,144.676,0.0
1727292622379,144.6735,0.0
1727292622625,144.673,0.0
1727292624123,144.674,0.0
1727292626093,144.672,0.0
1727292627893,144.673,0.0
1727292628204,144.6685,0.0
1727292629546,144.668,0.0
1727292629838,144.668,0.0
1727292639746,144.6675,0.0
1727292640149,144.6745,0.0
1727292640658,144.6755,0.0
1727292641132,144.6745,0.0
1727292641473,144.677,0.0
1727292711958,144.6735,0.0
1727292712177,144.674,0.0
1727292712504,144.6775,0.0
1727292712891,144.676,0.0
1727292713400,144.6765,0.0
1727292715673,144.676,0.0
1727292716671,144.6755,0.0
1727292717412,144.672,0.0
1727292718016,144.674,0.0
1727292718145,144.6725,0.0
1727292718360,144.672,0.0
1727292719054,144.6735,0.0
1727292719595,144.673,0.0
1727292720739,144.673,0.0
1727292720993,144.6715,0.0
1727292721209,144.6745,0.0
1727292723228,144.674,0.0
1727292722759,144.675,0.0
1727292723485,144.677,0.0
1727292721496,144.674,0.0
1727292723591,144.6765,0.0
1727292723975,144.676,0.0
1727292724280,144.6755,0.0
1727292724448,144.677,0.0
1727292725268,144.675,0.0
1727292725396,144.6765,0.0
1727292725860,144.675,0.0
1727292726207,144.6745,0.0
1727292726472,144.6745,0.0
1727292726759,144.6735,0.0
1727292726883,144.6725,0.0
1727292727380,144.6725,0.0
1727292728774,144.6725,0.0
1727292729284,144.673,0.0
1727292729706,144.6715,0.0
1727292730018,144.6705,0.0
1727292730199,144.672,0.0
1727292808424,144.6765,0.0
1727292808281,144.679,0.0
1727292808078,144.6775,0.0
1727292816841,144.676,0.0
1727292817341,144.6765,0.0
1727292817651,144.677,0.0
1727292817918,144.6775,0.0
1727292817992,144.676,0.0
1727292818259,144.6775,0.0
1727292819458,144.6785,0.0
1727292819641,144.678,0.0
1727292818597,144.6765,0.0
1727292818972,144.6775,0.0
1727292820056,144.678,0.0
1727292820483,144.6775,0.0
1727292821149,144.6785,0.0
1727292821419,144.6775,0.0
1727292821590,144.679,0.0
1727292822683,144.6785,0.0
1727292822883,144.678,0.0
1727292824677,144.6835,0.0
1727292824946,144.6825,0.0
1727292825213,144.681,0.0
1727292825473,144.683,0.0
1727292825689,144.681,0.0
1727292825800,144.6805,0.0
1727292826222,144.6835,0.0
1727292826468,144.6825,0.0
1727292826689,144.68,0.0
1727292826853,144.6795,0.0
1727292836587,144.68,0.0
1727292837221,144.678,0.0
1727292837278,144.681,0.0
1727292837566,144.679,0.0
1727292838408,144.676,0.0
1727292838221,144.676,0.0
1727292838687,144.6765,0.0
1727292838777,144.676,0.0
1727292840239,144.6795,0.0
1727292840609,144.6765,0.0
1727292840450,144.677,0.0
1727292841186,144.676,0.0
1727292841760,144.6765,0.0
1727292841995,144.6755,0.0
1727292842139,144.6755,0.0
1727292842460,144.6775,0.0
1727292842861,144.677,0.0
1727292843111,144.6775,0.0
1727292843511,144.6765,0.0
1727292843623,144.6775,0.0
1727292843870,144.679,0.0
1727292844163,144.6775,0.0
1727292844446,144.6785,0.0
1727292845012,144.679,0.0
1727292845188,144.678,0.0
1727292845441,144.676,0.0
1727292845600,144.6785,0.0
1727292846223,144.677,0.0
1727292846963,144.6775,0.0
1727292848194,144.674,0.0
1727292848315,144.6735,0.0
1727292848674,144.6735,0.0
1727292849540,144.674,0.0
1727292849753,144.675,0.0
1727292849838,144.676,0.0
1727292850294,144.6755,0.0
1727292850452,144.6775,0.0
1727292851037,144.6765,0.0
1727292851308,144.677,0.0
1727292851474,144.6775,0.0
1727292851660,144.6755,0.0
1727292852700,144.6785,0.0
1727292851955,144.676,0.0
1727292853053,144.677,0.0
1727292853300,144.6755,0.0
1727292853352,144.6765,0.0
1727292854299,144.6765,0.0
1727292855755,144.6775,0.0
1727292857457,144.676,0.0
1727292857801,144.676,0.0
1727292857961,144.6745,0.0
1727292858294,144.6765,0.0
1727292858543,144.674,0.0
1727292858718,144.6745,0.0
1727292859008,144.6755,0.0
1727292859173,144.676,0.0
1727292859639,144.6735,0.0
1727292859528,144.6725,0.0
1727292860075,144.675,0.0
1727292860257,144.6735,0.0
1727292860524,144.675,0.0
1727292861063,144.6765,0.0
1727292861321,144.6745,0.0
1727292860818,144.6735,0.0
1727292861440,144.675,0.0
1727292862065,144.672,0.0
1727292862175,144.673,0.0
1727292862465,144.6735,0.0
1727292863262,144.6715,0.0
1727292862673,144.673,0.0
1727292863052,144.6715,0.0
1727292863492,144.672,0.0
1727292865290,144.671,0.0
1727292865517,144.6725,0.0
1727292865779,144.671,0.0
1727292865959,144.6715,0.0
1727292866223,144.6705,0.0
1727292866511,144.6705,0.0
1727292866713,144.6715,0.0
1727292867369,144.673,0.0
1727292932580,144.6745,0.0
1727292933303,144.6725,0.0
1727292933494,144.675,0.0
1727292933992,144.674,0.0
1727292934237,144.6745,0.0
1727292934813,144.6745,0.0
1727292935232,144.674,0.0
1727292935953,144.675,0.0
1727292936237,144.6765,0.0
1727292935482,144.6745,0.0
1727292936563,144.678,0.0
1727292935672,144.6735,0.0
1727292936717,144.676,0.0
1727292937443,144.6765,0.0
1727292937760,144.676,0.0
1727292939058,144.677,0.0
1727292940978,144.6755,0.0
1727292941310,144.682,0.0
1727292941579,144.6855,0.0
1727292942849,144.6925,0.0
1727292951510,144.694,0.0
1727292951716,144.691,0.0
1727292952014,144.689,0.0
1727292952196,144.6895,0.0
1727292952768,144.689,0.0
1727292953006,144.69,0.0
1727292953112,144.6885,0.0
1727292956021,144.6875,0.0
1727292955662,144.689,0.0
1727292956450,144.6885,0.0
1727292956786,144.6895,0.0
1727292957275,144.6875,0.0
1727292957460,144.688,0.0
1727292957751,144.69,0.0
1727292957858,144.688,0.0
1727292958108,144.6895,0.0
1727292959532,144.689,0.0
1727292959769,144.6925,0.0
1727292960529,144.6935,0.0
1727292960271,144.6945,0.0
1727292960759,144.698,0.0
1727292960943,144.6975,0.0
1727292973789,144.7055,0.0
1727292973946,144.7065,0.0
1727292976782,144.7065,0.0
1727292977551,144.706,0.0
1727292977740,144.708,0.0
1727292977967,144.707,0.0
1727292978338,144.7055,0.0
1727292979064,144.707,0.0
1727292978390,144.706,0.0
1727292982376,144.7065,0.0
1727292982782,144.7065,0.0
1727292982930,144.706,0.0
1727292983487,144.7065,0.0
1727292983855,144.7055,0.0
1727292984095,144.706,0.0
1727292984225,144.7055,0.0
1727292984593,144.7065,0.0
1727292985051,144.706,0.0
1727292985858,144.7065,0.0
1727292986062,144.706,0.0
1727292987019,144.706,0.0
1727292986630,144.7065,0.0
1727292987219,144.7065,0.0
1727292988236,144.7065,0.0
1727293055494,144.7075,0.0
1727293055611,144.707,0.0
1727293055942,144.7065,0.0
1727293056299,144.705,0.0
1727293056443,144.7055,0.0
1727293056569,144.7065,0.0
1727293057030,144.706,0.0
1727293057687,144.7065,0.0
1727293058023,144.702,0.0
1727293058352,144.7035,0.0
1727293059209,144.703,0.0
1727293062390,144.702,0.0
1727293062715,144.704,0.0
1727293062920,144.7035,0.0
1727293063344,144.703,0.0
1727293066177,144.701,0.0
1727293066443,144.7025,0.0
1727293070313,144.7015,0.0
1727293070738,144.703,0.0
1727293071822,144.702,0.0
1727293072829,144.707,0.0
1727293079038,144.706,0.0
1727293079305,144.705,0.0
1727293078853,144.705,0.0
1727293080082,144.7035,0.0
1727293080316,144.707,0.0
1727293080528,144.706,0.0
1727293081018,144.707,0.0
1727293081176,144.7075,0.0
1727293081833,144.708,0.0
1727293081892,144.707,0.0
1727293082142,144.7075,0.0
1727293082654,144.707,0.0
1727293088585,144.7085,0.0
1727293088741,144.704,0.0
1727293088979,144.7035,0.0
1727293089262,144.703,0.0
1727293091602,144.704,0.0
1727293091737,144.703,0.0
1727293100746,144.702,0.0
1727293101105,144.702,0.0
1727293103178,144.703,0.0
1727293103629,144.7035,0.0
1727293104053,144.703,0.0
1727293105910,144.702,0.0
1727293106057,144.703,0.0
1727293108617,144.7035,0.0
1727293108773,144.703,0.0
1727293170808,144.7065,0.0
1727293174181,144.706,0.0
1727293177685,144.7065,0.0
1727293180451,144.7055,0.0
1727293180581,144.7045,0.0
1727293180945,144.7065,0.0
1727293181234,144.7055,0.0
1727293181480,144.7065,0.0
1727293183004,144.71,0.0
1727293183568,144.7135,0.0
1727293183936,144.713,0.0
1727293184219,144.7135,0.0
1727293184453,144.713,0.0
1727293185051,144.7135,0.0
1727293185846,144.713,0.0
1727293186046,144.7135,0.0
1727293187352,144.7165,0.0
1727293187724,144.7125,0.0
1727293187846,144.714,0.0
1727293188688,144.7155,0.0
1727293188216,144.7135,0.0
1727293188925,144.713,0.0
1727293189234,144.714,0.0
1727293189383,144.7135,0.0
1727293190180,144.7135,0.0
1727293191472,144.7125,0.0
1727293191536,144.715,0.0
1727293191941,144.7135,0.0
1727293192059,144.713,0.0
1727293192969,144.7135,0.0
1727293193208,144.713,0.0
1727293193472,144.7135,0.0
1727293193827,144.713,0.0
1727293194066,144.7125,0.0
1727293195098,144.714,0.0
1727293195387,144.714,0.0
1727293195721,144.7105,0.0
1727293195961,144.709,0.0
1727293196082,144.7085,0.0
1727293196583,144.709,0.0
1727293198726,144.7085,0.0
1727293199031,144.709,0.0
1727293207427,144.7055,0.0
1727293207918,144.706,0.0
1727293208057,144.7055,0.0
1727293208920,144.705,0.0
1727293209483,144.705,0.0
1727293211260,144.7055,0.0
1727293211526,144.713,0.0
1727293211953,144.7165,0.0
1727293212284,144.7155,0.0
1727293211729,144.715,0.0
1727293213235,144.713,0.0
1727293213718,144.7145,0.0
1727293214243,144.714,0.0
1727293217493,144.7135,0.0
1727293217789,144.716,0.0
1727293218041,144.7155,0.0
1727293218097,144.714,0.0
1727293219317,144.7135,0.0
1727293219563,144.7165,0.0
1727293219966,144.715,0.0
1727293219765,144.7135,0.0
1727293221010,144.7135,0.0
1727293221645,144.713,0.0
1727293223339,144.7145,0.0
1727293223820,144.713,0.0
1727293223885,144.715,0.0
1727293224358,144.713,0.0
1727293227806,144.7135,0.0
1727293228160,144.713,0.0
1727293233095,144.717,0.0
1727293233704,144.7165,0.0
1727293292914,144.715,0.0
1727293294873,144.7155,0.0
1727293295050,144.715,0.0
1727293296292,144.7155,0.0
1727293298563,144.7165,0.0
1727293301514,144.715,0.0
1727293301186,144.715,0.0
1727293301288,144.717,0.0
1727293301817,144.716,0.0
1727293302064,144.7155,0.0
1727293302440,144.7175,0.0
1727293303042,144.7185,0.0
1727293302642,144.7175,0.0
1727293303386,144.719,0.0
1727293303595,144.7175,0.0
1727293303736,144.718,0.0
1727293304052,144.7185,0.0
1727293305584,144.7175,0.0
1727293306063,144.7185,0.0
1727293307339,144.717,0.0
1727293307060,144.718,0.0
1727293307858,144.718,0.0
1727293307690,144.7185,0.0
1727293308037,144.717,0.0
1727293309309,144.7165,0.0
1727293310086,144.7165,0.0
1727293309929,144.7175,0.0
1727293310370,144.7175,0.0
1727293313152,144.7165,0.0
1727293313328,144.7175,0.0
1727293313491,144.7165,0.0
1727293315436,144.718,0.0
1727293315495,144.717,0.0
1727293317394,144.7145,0.0
1727293317703,144.716,0.0
1727293317814,144.716,0.0
1727293318067,144.715,0.0
1727293318451,144.7175,0.0
1727293318604,144.716,0.0
1727293318745,144.715,0.0
1727293318970,144.7165,0.0
1727293319897,144.7145,0.0
1727293320169,144.715,0.0
1727293320299,144.7135,0.0
1727293320864,144.714,0.0
1727293321182,144.7135,0.0
1727293321619,144.715,0.0
1727293322060,144.7145,0.0
1727293322667,144.7145,0.0
1727293324292,144.714,0.0
1727293323285,144.714,0.0
1727293324062,144.7135,0.0
1727293325672,144.7105,0.0
1727293325081,144.7135,0.0
1727293325736,144.71,0.0
1727293326053,144.7105,0.0
1727293326697,144.711,0.0
1727293327086,144.7085,0.0
1727293327441,144.7075,0.0
1727293326917,144.7115,0.0
1727293327643,144.7105,0.0
1727293327935,144.7115,0.0
1727293328085,144.7115,0.0
1727293328327,144.7105,0.0
1727293328711,144.7105,0.0
1727293328971,144.7115,0.0
1727293329616,144.7105,0.0
1727293330445,144.708,0.0
1727293331388,144.7075,0.0
1727293329907,144.709,0.0
1727293331945,144.708,0.0
1727293331726,144.7065,0.0
1727293330965,144.7075,0.0
1727293331153,144.706,0.0
1727293337579,144.7085,0.0
1727293338299,144.7085,0.0
1727293339072,144.709,0.0
1727293337381,144.7085,0.0
1727293341001,144.7075,0.0
1727293341344,144.709,0.0
1727293341454,144.708,0.0
1727293342052,144.7085,0.0
1727293342714,144.708,0.0
1727293345194,144.707,0.0
1727293344515,144.7075,0.0
1727293345529,144.7075,0.0
1727293348558,144.708,0.0
1727293415859,144.713,0.0
1727293416029,144.7135,0.0
1727293420473,144.713,0.0
1727293420528,144.7135,0.0
1727293422088,144.713,0.0
1727293422490,144.7125,0.0
1727293422562,144.713,0.0
1727293424317,144.7125,0.0
1727293425217,144.7135,0.0
1727293424714,144.7125,0.0
1727293424783,144.713,0.0
1727293425648,144.713,0.0
1727293427695,144.716,0.0
1727293427863,144.7155,0.0
1727293428203,144.715,0.0
1727293428282,144.7155,0.0
1727293430921,144.715,0.0
1727293431321,144.7155,0.0
1727293432053,144.715,0.0
1727293437032,144.7155,0.0
1727293437394,144.715,0.0
1727293440968,144.717,0.0
1727293441211,144.718,0.0
1727293441472,144.717,0.0
1727293442521,144.7175,0.0
1727293442802,144.718,0.0
1727293443757,144.7175,0.0
1727293444236,144.7215,0.0
1727293444349,144.722,0.0
1727293444763,144.723,0.0
1727293444940,144.722,0.0
1727293445282,144.722,0.0
1727293446747,144.723,0.0
1727293447019,144.7215,0.0
1727293447261,144.723,0.0
1727293448064,144.7225,0.0
1727293450208,144.72,0.0
1727293450754,144.719,0.0
1727293450811,144.7215,0.0
1727293451173,144.721,0.0
1727293451777,144.7205,0.0
1727293451846,144.7215,0.0
1727293452199,144.7205,0.0
1727293452550,144.7205,0.0
1727293453042,144.7215,0.0
1727293453166,144.72,0.0
1727293453326,144.7205,0.0
1727293453637,144.72,0.0
1727293453868,144.7205,0.0
1727293454706,144.72,0.0
1727293454948,144.7205,0.0
1727293455248,144.7215,0.0
1727293455812,144.72,0.0
1727293455874,144.7205,0.0
1727293456142,144.72,0.0
1727293456347,144.7205,0.0
1727293456982,144.72,0.0
1727293457935,144.72,0.0
1727293458224,144.72,0.0
1727293458771,144.7205,0.0
1727293458482,144.72,0.0
1727293459065,144.72,0.0
1727293459878,144.72,0.0
1727293460263,144.7225,0.0
1727293460366,144.722,0.0
1727293460900,144.7215,0.0
1727293461314,144.7205,0.0
1727293462045,144.721,0.0
1727293461480,144.72,0.0
1727293461724,144.72,0.0
1727293465799,144.7205,0.0
1727293467483,144.721,0.0
1727293467977,144.721,0.0
1727293467926,144.722,0.0
1727293468499,144.7205,0.0
1727293468942,144.7205,0.0
1727293469127,144.7205,0.0
1727293469444,144.722,0.0
1727293469555,144.721,0.0
1727293470161,144.722,0.0
1727293470272,144.7225,0.0
1727293470689,144.722,0.0
1727293471375,144.723,0.0
1727293470779,144.7225,0.0
1727293471098,144.722,0.0
1727293472111,144.7225,0.0
1727293535240,144.73,0.0
1727293535187,144.7295,0.0
1727293536413,144.73,0.0
1727293539326,144.729,0.0
1727293539925,144.7335,0.0
1727293540125,144.7355,0.0
1727293540267,144.735,0.0
1727293541749,144.7355,0.0
1727293542055,144.7345,0.0
1727293542354,144.7315,0.0
1727293542680,144.7305,0.0
1727293543046,144.7315,0.0
1727293543423,144.7325,0.0
1727293544058,144.733,0.0
1727293543664,144.732,0.0
1727293544442,144.733,0.0
1727293543839,144.7325,0.0
1727293544671,144.7325,0.0
1727293545228,144.7335,0.0
1727293544942,144.733,0.0
1727293545480,144.733,0.0
1727293545799,144.7335,0.0
1727293546446,144.7355,0.0
1727293546181,144.733,0.0
1727293546618,144.7355,0.0
1727293546841,144.7385,0.0
1727293552820,144.7375,0.0
1727293554951,144.7345,0.0
1727293555123,144.734,0.0
1727293561413,144.734,0.0
1727293562045,144.7345,0.0
1727293566341,144.735,0.0
1727293567064,144.7345,0.0
1727293572204,144.7345,0.0
1727293576446,144.736,0.0
1727293577079,144.7345,0.0
1727293578667,144.7345,0.0
1727293581007,144.734,0.0
1727293580516,144.734,0.0
1727293583282,144.734,0.0
1727293584273,144.735,0.0
1727293584346,144.7345,0.0
1727293583977,144.734,0.0
1727293584797,144.7355,0.0
1727293585014,144.735,0.0
1727293585209,144.7355,0.0
1727293585416,144.734,0.0
1727293585663,144.735,0.0
1727293585926,144.734,0.0
1727293586805,144.735,0.0
1727293587628,144.734,0.0
1727293586492,144.734,0.0
1727293588533,144.7355,0.0
1727293589753,144.7355,0.0
1727293586880,144.7345,0.0
1727293589061,144.7335,0.0
1727293588819,144.734,0.0
1727293590298,144.734,0.0
1727293589256,144.7355,0.0
1727293587568,144.7355,0.0
1727293589372,144.735,0.0
1727293590542,144.735,0.0
1727293592061,144.7345,0.0
1727293656467,144.741,0.0
1727293656745,144.742,0.0
1727293662612,144.742,0.0
1727293662422,144.7435,0.0
1727293663007,144.742,0.0
1727293663930,144.743,0.0
1727293664241,144.742,0.0
1727293664425,144.7425,0.0
1727293664674,144.7425,0.0
1727293664982,144.7445,0.0
1727293665278,144.7415,0.0
1727293666027,144.743,0.0
1727293666515,144.744,0.0
1727293666570,144.7425,0.0
1727293667292,144.7445,0.0
1727293667507,144.7445,0.0
1727293667618,144.743,0.0
1727293668231,144.743,0.0
1727293668866,144.741,0.0
1727293669120,144.7425,0.0
1727293669597,144.742,0.0
1727293669538,144.742,0.0
1727293670011,144.747,0.0
1727293670571,144.7435,0.0
1727293670266,144.742,0.0
1727293670499,144.742,0.0
1727293670818,144.742,0.0
1727293671296,144.742,0.0
1727293671466,144.7445,0.0
1727293671774,144.742,0.0
1727293672051,144.7415,0.0
1727293673722,144.744,0.0
1727293674059,144.7435,0.0
1727293675051,144.742,0.0
1727293674304,144.742,0.0
1727293674560,144.7415,0.0
1727293675234,144.743,0.0
1727293676054,144.742,0.0
1727293676522,144.7455,0.0
1727293676689,144.7455,0.0
1727293677734,144.7465,0.0
1727293677043,144.7455,0.0
1727293677951,144.746,0.0
1727293677413,144.747,0.0
1727293674652,144.742,0.0
1727293678321,144.7475,0.0
1727293677100,144.7465,0.0
1727293678558,144.7495,0.0
1727293678679,144.7475,0.0
1727293679058,144.746,0.0
1727293679116,144.7465,0.0
1727293679517,144.7465,0.0
1727293680473,144.7465,0.0
1727293680791,144.745,0.0
1727293681322,144.7455,0.0
1727293682648,144.746,0.0
1727293682855,144.7455,0.0
1727293683167,144.746,0.0
1727293683663,144.7455,0.0
1727293685323,144.746,0.0
1727293685794,144.745,0.0
1727293686177,144.746,0.0
1727293685931,144.7455,0.0
1727293686445,144.746,0.0
1727293686651,144.7455,0.0
1727293688611,144.7455,0.0
1727293686994,144.7455,0.0
1727293685569,144.7475,0.0
1727293689327,144.7455,0.0
1727293688000,144.746,0.0
1727293688329,144.7455,0.0
1727293690135,144.746,0.0
1727293690832,144.747,0.0
1727293690882,144.746,0.0
1727293692243,144.7335,0.0
1727293692478,144.734,0.0
1727293694575,144.734,0.0
1727293698370,144.7345,0.0
1727293698840,144.734,0.0
1727293699054,144.7345,0.0
1727293699575,144.735,0.0
1727293699861,144.7345,0.0
1727293700025,144.735,0.0
1727293700584,144.735,0.0
1727293700772,144.7345,0.0
1727293701789,144.735,0.0
1727293702716,144.7355,0.0
1727293703052,144.735,0.0
1727293706637,144.738,0.0
1727293707057,144.7385,0.0
1727293707628,144.7385,0.0
1727293708819,144.738,0.0
1727293709066,144.7385,0.0
1727293709608,144.7385,0.0
1727293709962,144.738,0.0
1727293710268,144.7385,0.0
1727293710599,144.7385,0.0
1727293710770,144.739,0.0
1727293711140,144.7385,0.0
1727293711220,144.739,0.0
1727293712055,144.7375,0.0
1727293713066,144.738,0.0
1727293780264,144.74,0.0
1727293781329,144.7395,0.0
1727293781594,144.74,0.0
1727293781782,144.739,0.0
1727293782043,144.7405,0.0
1727293782285,144.74,0.0
1727293793781,144.7395,0.0
1727293794787,144.7395,0.0
1727293794890,144.739,0.0
1727293795552,144.739,0.0
1727293796131,144.7385,0.0
1727293796852,144.739,0.0
1727293798507,144.7395,0.0
1727293801019,144.746,0.0
1727293801234,144.7455,0.0
1727293800060,144.746,0.0
1727293803308,144.746,0.0
1727293801632,144.746,0.0
1727293804061,144.7455,0.0
1727293806515,144.743,0.0
1727293804834,144.748,0.0
1727293802185,144.7455,0.0
1727293805052,144.7425,0.0
1727293807785,144.744,0.0
1727293805279,144.7435,0.0
1727293802916,144.746,0.0
1727293807060,144.7435,0.0
1727293808328,144.74,0.0
1727293807947,144.743,0.0
1727293805554,144.7415,0.0
1727293808589,144.739,0.0
1727293805732,144.745,0.0
1727293807300,144.743,0.0
1727293806058,144.743,0.0
1727293807499,144.7425,0.0
1727293809139,144.7395,0.0
1727293806325,144.7425,0.0
1727293810853,144.7395,0.0
1727293811060,144.739,0.0
1727293812078,144.739,0.0
1727293811606,144.739,0.0
1727293812694,144.7445,0.0
1727293812354,144.746,0.0
1727293813058,144.7435,0.0
1727293811802,144.7405,0.0
1727293812589,144.7465,0.0
1727293810579,144.739,0.0
1727293814755,144.743,0.0
1727293813763,144.742,0.0
1727293814562,144.7435,0.0
1727293813891,144.744,0.0
1727293814975,144.7435,0.0
1727293815542,144.7435,0.0
1727293815349,144.7435,0.0
1727293815854,144.7445,0.0
1727293816080,144.7425,0.0
1727293800413,144.7465,0.0
1727293816539,144.743,0.0
1727293816878,144.744,0.0
1727293816935,144.743,0.0
1727293817268,144.7425,0.0
1727293817616,144.7435,0.0
1727293818042,144.7405,0.0
1727293818208,144.7415,0.0
1727293818642,144.7425,0.0
1727293818702,144.744,0.0
1727293818897,144.743,0.0
1727293819216,144.7445,0.0
1727293819541,144.7435,0.0
1727293819860,144.7435,0.0
1727293820332,144.744,0.0
1727293820097,144.742,0.0
1727293820539,144.744,0.0
1727293820712,144.7425,0.0
1727293821300,144.744,0.0
1727293821596,144.742,0.0
1727293821802,144.743,0.0
1727293822071,144.744,0.0
1727293822881,144.744,0.0
1727293823687,144.7425,0.0
1727293823057,144.7435,0.0
1727293823401,144.7425,0.0
1727293823469,144.743,0.0
1727293824703,144.7425,0.0
1727293824276,144.7445,0.0
1727293824648,144.743,0.0
1727293825328,144.7435,0.0
1727293826397,144.743,0.0
1727293826566,144.7425,0.0
1727293827107,144.745,0.0
1727293827168,144.744,0.0
1727293828055,144.7435,0.0
1727293828997,144.7435,0.0
1727293829429,144.743,0.0
1727293829601,144.7425,0.0
1727293829872,144.7425,0.0
1727293830248,144.7425,0.0
1727293832185,144.744,0.0
1727293832794,144.743,0.0
1727293832296,144.743,0.0
1727293832557,144.7425,0.0
1727293832961,144.7415,0.0
1727293833664,144.741,0.0
1727293834056,144.7415,0.0
1727293834370,144.743,0.0
1727293835005,144.7435,0.0
1727293835939,144.7425,0.0
1727293835430,144.7425,0.0
1727293836272,144.743,0.0
1727293835633,144.743,0.0
1727293836903,144.743,0.0
1727293837577,144.7415,0.0
1727293837082,144.743,0.0
1727293837343,144.7425,0.0
1727293837852,144.742,0.0
1727293837978,144.7425,0.0
1727293838403,144.7435,0.0
1727293838647,144.742,0.0
1727293839162,144.7405,0.0
1727293839851,144.7395,0.0
1727293840115,144.7395,0.0
1727293842013,144.739,0.0
1727293841937,144.7395,0.0
1727293842432,144.7385,0.0
1727293844201,144.7385,0.0
1727293844378,144.7385,0.0
1727293845996,144.739,0.0
1727293846408,144.7395,0.0
1727293846758,144.74,0.0
1727293848586,144.74,0.0
1727293850770,144.7405,0.0
1727293912385,144.7395,0.0
1727293912270,144.7385,0.0
1727293913160,144.7395,0.0
1727293914401,144.739,0.0
1727293922279,144.74,0.0
1727293925392,144.7395,0.0
1727293925890,144.7395,0.0
1727293926055,144.739,0.0
1727293928653,144.74,0.0
1727293929868,144.74,0.0
1727293931057,144.739,0.0
1727293930160,144.74,0.0
1727293930222,144.7395,0.0
1727293932920,144.7425,0.0
1727293933068,144.74,0.0
1727293938407,144.739,0.0
1727293937507,144.739,0.0
1727293937725,144.739,0.0
1727293938083,144.7395,0.0
1727293938702,144.74,0.0
1727293938909,144.739,0.0
1727293939153,144.7395,0.0
1727293940814,144.739,0.0
1727293940520,144.74,0.0
1727293940153,144.7405,0.0
1727293940229,144.7395,0.0
1727293944915,144.7395,0.0
1727293945748,144.74,0.0
1727293946467,144.7385,0.0
1727293946593,144.7395,0.0
1727293947059,144.739,0.0
1727293948964,144.7395,0.0
1727293949221,144.739,0.0
1727293949413,144.7395,0.0
1727293949629,144.739,0.0
1727293950216,144.737,0.0
1727293950329,144.7365,0.0
1727293950713,144.7365,0.0
1727293951449,144.7365,0.0
1727293952036,144.737,0.0
1727293952455,144.737,0.0
1727293952727,144.7375,0.0
1727293952902,144.7365,0.0
1727293953147,144.7365,0.0
1727293953370,144.7375,0.0
1727293953666,144.7385,0.0
1727293956352,144.739,0.0
1727293956652,144.7385,0.0
1727293957802,144.739,0.0
1727293958125,144.739,0.0
1727293958503,144.7385,0.0
1727293958453,144.739,0.0
1727293960208,144.7435,0.0
1727293960265,144.744,0.0
1727293960784,144.743,0.0
1727293961020,144.744,0.0
1727293962729,144.743,0.0
1727293963306,144.7435,0.0
1727293963857,144.744,0.0
1727293965237,144.7455,0.0
1727293965701,144.745,0.0
1727293966932,144.744,0.0
1727293967172,144.7445,0.0
1727293967717,144.745,0.0
1727293967835,144.7445,0.0
1727293969415,144.744,0.0
1727293969929,144.7435,0.0
1727293970041,144.743,0.0
1727294036954,144.762,0.0
1727294037062,144.761,0.0
1727294037974,144.7615,0.0
1727294039931,144.7615,0.0
1727294040164,144.762,0.0
1727294054057,144.763,0.0
1727294054651,144.7625,0.0
1727294054827,144.7635,0.0
1727294055789,144.763,0.0
1727294057905,144.7635,0.0
1727294057972,144.763,0.0
1727294060147,144.7605,0.0
1727294060326,144.761,0.0
1727294062354,144.76,0.0
1727294061570,144.763,0.0
1727294061920,144.7615,0.0
1727294062149,144.7625,0.0
1727294064839,144.76,0.0
1727294065001,144.7605,0.0
1727294065199,144.761,0.0
1727294067075,144.76,0.0
1727294066175,144.7605,0.0
1727294068051,144.7605,0.0
1727294068718,144.76,0.0
1727294070125,144.7605,0.0
1727294073461,144.76,0.0
1727294075679,144.761,0.0
1727294076108,144.765,0.0
1727294077410,144.7635,0.0
1727294077876,144.768,0.0
1727294078634,144.766,0.0
1727294078813,144.767,0.0
1727294079680,144.7615,0.0
1727294080446,144.767,0.0
1727294079746,144.763,0.0
1727294080915,144.7665,0.0
1727294081462,144.763,0.0
1727294085268,144.739,0.0
1727294081684,144.765,0.0
1727294086212,144.739,0.0
1727294086401,144.7395,0.0
1727294086541,144.739,0.0
1727294081794,144.7665,0.0
1727294093387,144.727,0.0
1727294083161,144.7395,0.0
1727294145632,144.744,0.0
1727294151493,144.7415,0.0
1727294145860,144.743,0.0
1727294134513,144.7545,0.0
1727294155465,144.742,0.0
1727294151618,144.741,0.0
1727294155712,144.7425,0.0
1727294151986,144.741,0.0
1727294146449,144.7445,0.0
1727294156018,144.744,0.0
1727294152200,144.7425,0.0
1727294146717,144.741,0.0
1727294146826,144.743,0.0
1727294156246,144.7425,0.0
1727294152483,144.7415,0.0
1727294162726,144.7515,0.0
1727294152693,144.7415,0.0
1727294147244,144.7415,0.0
1727294162917,144.748,0.0
1727294152976,144.742,0.0
1727294156737,144.7455,0.0
1727294147450,144.7425,0.0
1727294156974,144.7445,0.0
1727294163212,144.7485,0.0
1727294147627,144.7415,0.0
1727294153169,144.7415,0.0
1727294147985,144.7415,0.0
