timestamp(ms since Epoch),last price,volume
1727288869104,1.11341,0.0
1727288869158,1.113395,0.0
1727288875876,1.113425,0.0
1727288876892,1.11345,0.0
1727288877884,1.11344,0.0
1727288878272,1.11345,0.0
1727288881637,1.11344,0.0
1727288883144,1.11344,0.0
1727288883633,1.11343,0.0
1727288883783,1.11344,0.0
1727288887069,1.11345,0.0
1727288888627,1.113495,0.0
1727288900102,1.113495,0.0
1727288901378,1.11349,0.0
1727288913647,1.11348,0.0
1727288913917,1.11348,0.0
1727288914149,1.11349,0.0
1727288917008,1.113475,0.0
1727288985859,1.11357,0.0
1727288987376,1.113565,0.0
1727288987646,1.113575,0.0
1727288987699,1.11357,0.0
1727288990846,1.113555,0.0
1727288992304,1.11357,0.0
1727288993435,1.113615,0.0
1727288993690,1.11364,0.0
1727288993859,1.113625,0.0
1727288994094,1.11362,0.0
1727288994641,1.113625,0.0
1727288994769,1.11362,0.0
1727288995060,1.113625,0.0
1727288995219,1.11363,0.0
1727288995551,1.113625,0.0
1727288999456,1.11367,0.0
1727288999573,1.113695,0.0
1727288999937,1.1137,0.0
1727289000244,1.113695,0.0
1727289000327,1.1137,0.0
1727289001076,1.11369,0.0
1727289001076,1.11369,0.0
1727289013647,1.11369,0.0
1727289017430,1.1137,0.0
1727289018133,1.11369,0.0
1727289038641,1.113705,0.0
1727289038928,1.11369,0.0
1727289041028,1.1137,0.0
1727289041756,1.113705,0.0
1727289049403,1.113685,0.0
1727289049285,1.11369,0.0
1727289107747,1.11374,0.0
1727289108650,1.113745,0.0
1727289110157,1.113735,0.0
1727289110513,1.11374,0.0
1727289113423,1.11375,0.0
1727289114063,1.113745,0.0
1727289120934,1.11375,0.0
1727289121081,1.113745,0.0
1727289121592,1.11375,0.0
1727289122945,1.113785,0.0
1727289124403,1.113775,0.0
1727289124166,1.11378,0.0
1727289124574,1.11378,0.0
1727289125421,1.113775,0.0
1727289124813,1.113775,0.0
1727289125199,1.113775,0.0
1727289126255,1.113785,0.0
1727289126449,1.11378,0.0
1727289126965,1.11378,0.0
1727289127273,1.113775,0.0
1727289127461,1.11378,0.0
1727289127751,1.113775,0.0
1727289129489,1.11375,0.0
1727289129805,1.11374,0.0
1727289129805,1.11374,0.0
1727289138051,1.113745,0.0
1727289138388,1.113745,0.0
1727289138575,1.11374,0.0
1727289139043,1.113745,0.0
1727289143365,1.11374,0.0
1727289144272,1.11374,0.0
1727289144489,1.113735,0.0
1727289144925,1.113735,0.0
1727289145434,1.113735,0.0
1727289145922,1.113735,0.0
1727289146082,1.11374,0.0
1727289146348,1.113735,0.0
1727289147147,1.113735,0.0
1727289146591,1.11374,0.0
1727289147287,1.11374,0.0
1727289147594,1.113735,0.0
1727289147765,1.11374,0.0
1727289148113,1.113735,0.0
1727289148373,1.11374,0.0
1727289148711,1.113735,0.0
1727289149258,1.11374,0.0
1727289149599,1.113735,0.0
1727289149954,1.11374,0.0
1727289150672,1.11374,0.0
1727289151784,1.113735,0.0
1727289152115,1.11374,0.0
1727289154682,1.11374,0.0
1727289154895,1.113735,0.0
1727289155026,1.11374,0.0
1727289156679,1.11377,0.0
1727289157135,1.11377,0.0
1727289159734,1.113785,0.0
1727289159914,1.11378,0.0
1727289160754,1.11375,0.0
1727289160865,1.113745,0.0
1727289162136,1.113785,0.0
1727289163097,1.1138,0.0
1727289163323,1.113795,0.0
1727289163992,1.11382,0.0
1727289164237,1.1138,0.0
1727289164370,1.113795,0.0
1727289164880,1.1138,0.0
1727289165282,1.11381,0.0
1727289240371,1.113665,0.0
1727289242077,1.113635,0.0
1727289242534,1.113635,0.0
1727289242183,1.11363,0.0
1727289243030,1.11363,0.0
1727289243331,1.11363,0.0
1727289244254,1.113635,0.0
1727289244423,1.11364,0.0
1727289250866,1.113615,0.0
1727289250927,1.1136,0.0
1727289252830,1.11362,0.0
1727289253111,1.1136,0.0
1727289255426,1.11362,0.0
1727289255894,1.113625,0.0
1727289256513,1.11365,0.0
1727289255946,1.11363,0.0
1727289256976,1.113625,0.0
1727289261132,1.11364,0.0
1727289263394,1.11364,0.0
1727289268648,1.113645,0.0
1727289268833,1.11364,0.0
1727289280046,1.113645,0.0
1727289280751,1.11364,0.0
1727289290665,1.11363,0.0
1727289290988,1.113635,0.0
1727289349373,1.113635,0.0
1727289350158,1.11363,0.0
1727289358673,1.11363,0.0
1727289358873,1.11363,0.0
1727289359362,1.113635,0.0
1727289360185,1.113635,0.0
1727289360272,1.11363,0.0
1727289360648,1.11359,0.0
1727289368380,1.113595,0.0
1727289368872,1.11359,0.0
1727289377558,1.11363,0.0
1727289377140,1.113605,0.0
1727289383047,1.113615,0.0
1727289383667,1.1136,0.0
1727289384893,1.113595,0.0
1727289386875,1.11358,0.0
1727289387079,1.113575,0.0
1727289388743,1.11363,0.0
1727289389474,1.11363,0.0
1727289388990,1.11363,0.0
1727289389251,1.113625,0.0
1727289389718,1.11362,0.0
1727289391206,1.11368,0.0
1727289396814,1.113695,0.0
1727289400206,1.11369,0.0
1727289403764,1.11374,0.0
1727289404768,1.11372,0.0
1727289406156,1.11373,0.0
1727289406600,1.11373,0.0
1727289473638,1.11379,0.0
1727289478212,1.113795,0.0
1727289479184,1.1138,0.0
1727289479642,1.113795,0.0
1727289481383,1.11379,0.0
1727289486210,1.113795,0.0
1727289488975,1.11379,0.0
1727289489093,1.11376,0.0
1727289489811,1.113745,0.0
1727289493467,1.113735,0.0
1727289493956,1.113735,0.0
1727289499171,1.11374,0.0
1727289506171,1.113735,0.0
1727289506487,1.11374,0.0
1727289506650,1.113735,0.0
1727289508424,1.11374,0.0
1727289508782,1.11374,0.0
1727289509094,1.113735,0.0
1727289511702,1.11374,0.0
1727289511702,1.11374,0.0
1727289531217,1.113745,0.0
1727289532244,1.11374,0.0
1727289628399,1.11369,0.0
1727289630823,1.113695,0.0
1727289631556,1.113665,0.0
1727289631788,1.113645,0.0
1727289634311,1.113695,0.0
1727289634528,1.113715,0.0
1727289635093,1.11373,0.0
1727289636347,1.11374,0.0
1727289637337,1.113735,0.0
1727289637965,1.11373,0.0
1727289642077,1.113715,0.0
1727289642365,1.113725,0.0
1727289648878,1.113735,0.0
1727289649035,1.11374,0.0
1727289656900,1.113705,0.0
1727289657310,1.11371,0.0
1727289658021,1.113715,0.0
1727289658960,1.11371,0.0
1727289660133,1.11371,0.0
1727289661129,1.11373,0.0
1727289661799,1.113705,0.0
1727289667634,1.11371,0.0
1727289668445,1.113705,0.0
1727289673626,1.11373,0.0
1727289675571,1.11374,0.0
1727289676948,1.113725,0.0
1727289678855,1.11373,0.0
1727289679483,1.113725,0.0
1727289745851,1.113655,0.0
1727289746053,1.11365,0.0
1727289746727,1.113655,0.0
1727289747554,1.11365,0.0
1727289749204,1.113645,0.0
1727289753010,1.113615,0.0
1727289753199,1.11361,0.0
1727289753306,1.113605,0.0
1727289755519,1.113605,0.0
1727289761114,1.11361,0.0
1727289761230,1.113605,0.0
1727289767327,1.113595,0.0
1727289768074,1.113585,0.0
1727289769157,1.113605,0.0
1727289769524,1.113585,0.0
1727289777102,1.113605,0.0
1727289777537,1.1136,0.0
1727289779063,1.113585,0.0
1727289780180,1.11359,0.0
1727289780330,1.113585,0.0
1727289781646,1.11359,0.0
1727289782003,1.113585,0.0
1727289785077,1.113605,0.0
1727289785707,1.113635,0.0
1727289785849,1.113665,0.0
1727289787803,1.11365,0.0
1727289788001,1.113635,0.0
1727289790620,1.11373,0.0
1727289791231,1.113745,0.0
1727289804722,1.11376,0.0
1727289804827,1.113755,0.0
1727289868262,1.1137,0.0
1727289868637,1.113705,0.0
1727289888052,1.113715,0.0
1727289899606,1.11371,0.0
1727289900072,1.113705,0.0
1727289900702,1.1137,0.0
1727289901283,1.113705,0.0
1727289902801,1.1137,0.0
1727289907858,1.1137,0.0
1727289909041,1.113695,0.0
1727289909441,1.1137,0.0
1727289909746,1.113695,0.0
1727289911033,1.113675,0.0
1727289911447,1.113655,0.0
1727289912716,1.113675,0.0
1727289912947,1.11368,0.0
1727289913005,1.113675,0.0
1727289913989,1.11367,0.0
1727289914266,1.113685,0.0
1727289915175,1.113685,0.0
1727289916003,1.113695,0.0
1727289916449,1.1137,0.0
1727289916553,1.1137,0.0
1727289917521,1.113695,0.0
1727289919201,1.11368,0.0
1727289919397,1.11368,0.0
1727289919696,1.113685,0.0
1727289919937,1.11369,0.0
1727289921022,1.1137,0.0
1727289923404,1.113715,0.0
1727289994446,1.113795,0.0
1727289994766,1.113785,0.0
1727289995419,1.11377,0.0
1727289996269,1.113755,0.0
1727290000582,1.11378,0.0
1727290000691,1.113795,0.0
1727290002838,1.113805,0.0
1727290003395,1.1138,0.0
1727290005875,1.11379,0.0
1727290007409,1.11378,0.0
1727290007471,1.113785,0.0
1727290012923,1.11376,0.0
1727290019641,1.11372,0.0
1727290016485,1.113745,0.0
1727290020174,1.11371,0.0
1727290020415,1.113715,0.0
1727290021105,1.11371,0.0
1727290021377,1.113715,0.0
1727290024525,1.11371,0.0
1727290024776,1.113715,0.0
1727290025052,1.11371,0.0
1727290025957,1.11371,0.0
1727290025502,1.113715,0.0
1727290026105,1.113715,0.0
1727290027033,1.11371,0.0
1727290027224,1.113715,0.0
1727290027630,1.11371,0.0
1727290028056,1.11371,0.0
1727290029051,1.113695,0.0
1727290034220,1.1137,0.0
1727290035793,1.113695,0.0
1727290035982,1.1137,0.0
1727290042846,1.113715,0.0
1727290108079,1.11375,0.0
1727290112165,1.113745,0.0
1727290112577,1.11375,0.0
1727290117679,1.113745,0.0
1727290118397,1.113715,0.0
1727290118690,1.11371,0.0
1727290119660,1.113705,0.0
1727290123260,1.11366,0.0
1727290123932,1.113665,0.0
1727290124162,1.11366,0.0
1727290124521,1.113665,0.0
1727290124764,1.11366,0.0
1727290126191,1.113715,0.0
1727290131554,1.1137,0.0
1727290137556,1.113695,0.0
1727290138702,1.1137,0.0
1727290141152,1.113715,0.0
1727290141782,1.11371,0.0
1727290142356,1.113705,0.0
1727290143699,1.11371,0.0
1727290147460,1.11376,0.0
1727290149182,1.113765,0.0
1727290152984,1.11375,0.0
1727290154258,1.11374,0.0
1727290158189,1.113715,0.0
1727290158436,1.11371,0.0
1727290159189,1.113705,0.0
1727290231794,1.113745,0.0
1727290232217,1.11374,0.0
1727290233214,1.113735,0.0
1727290233820,1.11371,0.0
1727290236253,1.11371,0.0
1727290237688,1.113695,0.0
1727290237926,1.11371,0.0
1727290238277,1.113705,0.0
1727290239651,1.11369,0.0
1727290242880,1.113685,0.0
1727290243990,1.11367,0.0
1727290244470,1.11368,0.0
1727290244696,1.11367,0.0
1727290247197,1.113655,0.0
1727290247841,1.11365,0.0
1727290248350,1.113645,0.0
1727290256817,1.113605,0.0
1727290257045,1.11359,0.0
1727290259259,1.113585,0.0
1727290260118,1.11359,0.0
1727290261616,1.11359,0.0
1727290262824,1.113555,0.0
1727290262979,1.11354,0.0
1727290263607,1.113575,0.0
1727290263708,1.11357,0.0
1727290264276,1.11359,0.0
1727290265173,1.11358,0.0
1727290266180,1.11356,0.0
1727290266043,1.113565,0.0
1727290268769,1.11355,0.0
1727290269099,1.11356,0.0
1727290269217,1.11355,0.0
1727290269420,1.11356,0.0
1727290269803,1.11354,0.0
1727290270527,1.11355,0.0
1727290271884,1.113545,0.0
1727290272860,1.11355,0.0
1727290272913,1.113545,0.0
1727290277782,1.113545,0.0
1727290282687,1.11354,0.0
1727290282970,1.113545,0.0
1727290284828,1.113545,0.0
1727290287988,1.113545,0.0
1727290351151,1.11367,0.0
1727290351951,1.11369,0.0
1727290352457,1.113695,0.0
1727290353891,1.1137,0.0
1727290355844,1.113695,0.0
1727290356316,1.11369,0.0
1727290361473,1.11367,0.0
1727290361675,1.113655,0.0
1727290362493,1.11365,0.0
1727290362871,1.113655,0.0
1727290365958,1.113685,0.0
1727290373792,1.11369,0.0
1727290377381,1.113695,0.0
1727290377750,1.11369,0.0
1727290377910,1.113695,0.0
1727290381132,1.11369,0.0
1727290381596,1.113695,0.0
1727290382006,1.1137,0.0
1727290382509,1.113755,0.0
1727290383293,1.11375,0.0
1727290383589,1.11375,0.0
1727290383830,1.113745,0.0
1727290386097,1.11375,0.0
1727290388333,1.11377,0.0
1727290388540,1.11378,0.0
1727290388668,1.113775,0.0
1727290391419,1.113755,0.0
1727290392958,1.11375,0.0
1727290394255,1.113745,0.0
1727290394490,1.11376,0.0
1727290395598,1.113745,0.0
1727290395991,1.11375,0.0
1727290396616,1.11374,0.0
1727290399749,1.113705,0.0
1727290400287,1.11369,0.0
1727290402034,1.113705,0.0
1727290402647,1.113715,0.0
1727290403189,1.113715,0.0
1727290474285,1.113735,0.0
1727290475374,1.11372,0.0
1727290475758,1.113725,0.0
1727290476200,1.11374,0.0
1727290476865,1.113735,0.0
1727290477445,1.11373,0.0
1727290477906,1.113715,0.0
1727290483476,1.11372,0.0
1727290484449,1.113715,0.0
1727290484964,1.11372,0.0
1727290485805,1.11374,0.0
1727290490401,1.11367,0.0
1727290491808,1.113655,0.0
1727290493859,1.11364,0.0
1727290502792,1.11365,0.0
1727290503057,1.11364,0.0
1727290503565,1.113645,0.0
1727290504070,1.11365,0.0
1727290504802,1.113645,0.0
1727290504270,1.113645,0.0
1727290504456,1.11365,0.0
1727290505126,1.11365,0.0
1727290505331,1.113645,0.0
1727290505487,1.11365,0.0
1727290506215,1.113645,0.0
1727290511791,1.11365,0.0
1727290512020,1.113645,0.0
1727290513945,1.11365,0.0
1727290514098,1.113645,0.0
1727290514960,1.11365,0.0
1727290515210,1.113645,0.0
1727290516467,1.11365,0.0
1727290516639,1.113645,0.0
1727290517959,1.11367,0.0
1727290518939,1.11365,0.0
1727290519323,1.113645,0.0
1727290520396,1.11365,0.0
1727290520565,1.113645,0.0
1727290524129,1.11365,0.0
1727290524291,1.113645,0.0
1727290525713,1.11365,0.0
1727290525896,1.113645,0.0
1727290526438,1.11365,0.0
1727290526588,1.113645,0.0
1727290595353,1.11368,0.0
1727290596254,1.113675,0.0
1727290597631,1.113655,0.0
1727290604157,1.11366,0.0
1727290604320,1.113655,0.0
1727290605080,1.11366,0.0
1727290605925,1.113655,0.0
1727290606145,1.11366,0.0
1727290606310,1.113655,0.0
1727290607484,1.11366,0.0
1727290607668,1.113655,0.0
1727290608138,1.11366,0.0
1727290608485,1.11365,0.0
1727290608554,1.113645,0.0
1727290610037,1.11365,0.0
1727290610419,1.113645,0.0
1727290610585,1.11365,0.0
1727290611261,1.113645,0.0
1727290611822,1.113635,0.0
1727290611714,1.11365,0.0
1727290614416,1.11365,0.0
1727290614614,1.113655,0.0
1727290615038,1.11365,0.0
1727290615323,1.113655,0.0
1727290616525,1.11365,0.0
1727290619169,1.113645,0.0
1727290619509,1.11365,0.0
1727290620464,1.11364,0.0
1727290619655,1.113645,0.0
1727290620055,1.11365,0.0
1727290623015,1.113645,0.0
1727290625470,1.11364,0.0
1727290625581,1.113645,0.0
1727290627350,1.11364,0.0
1727290628398,1.113645,0.0
1727290629214,1.113645,0.0
1727290628979,1.11365,0.0
1727290629506,1.11365,0.0
1727290629735,1.113645,0.0
1727290629861,1.11365,0.0
1727290631334,1.113655,0.0
1727290632052,1.11365,0.0
1727290633253,1.113645,0.0
1727290634784,1.11364,0.0
1727290635001,1.113645,0.0
1727290635498,1.11364,0.0
1727290635761,1.11364,0.0
1727290636992,1.11359,0.0
1727290637626,1.11357,0.0
1727290638780,1.11359,0.0
1727290638954,1.113595,0.0
1727290639539,1.11359,0.0
1727290639783,1.113595,0.0
1727290640189,1.1136,0.0
1727290642316,1.113585,0.0
1727290642530,1.11359,0.0
1727290644682,1.113585,0.0
1727290645376,1.11359,0.0
1727290646283,1.11359,0.0
1727290646558,1.113595,0.0
1727290651618,1.113545,0.0
1727290652204,1.11352,0.0
1727290651670,1.11354,0.0
1727290652843,1.113495,0.0
1727290713766,1.1134,0.0
1727290714085,1.11339,0.0
1727290716224,1.113385,0.0
1727290716390,1.11339,0.0
1727290717324,1.113385,0.0
1727290717444,1.11339,0.0
1727290721497,1.113385,0.0
1727290721893,1.11339,0.0
1727290722342,1.113385,0.0
1727290722392,1.11339,0.0
1727290734138,1.11339,0.0
1727290734711,1.113385,0.0
1727290734388,1.113385,0.0
1727290734868,1.11339,0.0
1727290735057,1.113385,0.0
1727290735500,1.113355,0.0
1727290736465,1.11334,0.0
1727290736922,1.11334,0.0
1727290737098,1.113335,0.0
1727290737267,1.11334,0.0
1727290737667,1.11335,0.0
1727290738720,1.11335,0.0
1727290740189,1.113345,0.0
1727290740247,1.11335,0.0
1727290740868,1.11335,0.0
1727290740710,1.113345,0.0
1727290741189,1.11335,0.0
1727290741452,1.11334,0.0
1727290741728,1.11334,0.0
1727290741778,1.113335,0.0
1727290742318,1.113335,0.0
1727290742726,1.113345,0.0
1727290742919,1.113345,0.0
1727290743480,1.11334,0.0
1727290743644,1.113335,0.0
1727290743993,1.113345,0.0
1727290744215,1.113345,0.0
1727290744439,1.11334,0.0
1727290744601,1.113345,0.0
1727290744942,1.113345,0.0
1727290745208,1.11334,0.0
1727290745460,1.113345,0.0
1727290745601,1.11335,0.0
1727290746087,1.113345,0.0
1727290746463,1.113345,0.0
1727290746987,1.113345,0.0
1727290747127,1.11334,0.0
1727290747461,1.113345,0.0
1727290747644,1.11334,0.0
1727290747821,1.113345,0.0
1727290748329,1.11335,0.0
1727290748672,1.113345,0.0
1727290748944,1.11335,0.0
1727290749338,1.113345,0.0
1727290750465,1.11335,0.0
1727290751473,1.113345,0.0
1727290751593,1.11335,0.0
1727290751904,1.11335,0.0
1727290752672,1.113345,0.0
1727290752876,1.11334,0.0
1727290753215,1.11335,0.0
1727290753399,1.11334,0.0
1727290753568,1.11335,0.0
1727290753829,1.11334,0.0
1727290754067,1.11335,0.0
1727290755124,1.11335,0.0
1727290755531,1.11334,0.0
1727290755697,1.113335,0.0
1727290755957,1.11335,0.0
1727290756502,1.11334,0.0
1727290756659,1.11335,0.0
1727290756901,1.11334,0.0
1727290757228,1.11335,0.0
1727290757887,1.11334,0.0
1727290757402,1.11334,0.0
1727290757659,1.113335,0.0
1727290758202,1.113345,0.0
1727290758607,1.11336,0.0
1727290759730,1.11337,0.0
1727290760260,1.113365,0.0
1727290761953,1.113345,0.0
1727290762264,1.11334,0.0
1727290762317,1.11335,0.0
1727290764067,1.113335,0.0
1727290764480,1.11334,0.0
1727290765006,1.11334,0.0
1727290766302,1.113335,0.0
1727290767135,1.11334,0.0
1727290767856,1.113335,0.0
1727290768509,1.113335,0.0
1727290769254,1.113335,0.0
1727290773380,1.11334,0.0
1727290834477,1.11331,0.0
1727290834539,1.1133,0.0
1727290837098,1.113285,0.0
1727290837410,1.11329,0.0
1727290837947,1.113295,0.0
1727290838349,1.1133,0.0
1727290839099,1.113295,0.0
1727290841129,1.11329,0.0
1727290841474,1.113295,0.0
1727290841609,1.11329,0.0
1727290842530,1.113285,0.0
1727290843873,1.11329,0.0
1727290844072,1.113285,0.0
1727290844975,1.113285,0.0
1727290847007,1.11329,0.0
1727290847168,1.113285,0.0
1727290847642,1.113285,0.0
1727290847406,1.11329,0.0
1727290847924,1.11329,0.0
1727290848131,1.113285,0.0
1727290848320,1.11329,0.0
1727290848772,1.11329,0.0
1727290848893,1.11329,0.0
1727290849103,1.113285,0.0
1727290849546,1.11329,0.0
1727290850008,1.11329,0.0
1727290850353,1.113295,0.0
1727290850874,1.113315,0.0
1727290851665,1.1133,0.0
1727290852255,1.113305,0.0
1727290851973,1.11331,0.0
1727290853442,1.113335,0.0
1727290852532,1.113335,0.0
1727290851491,1.11333,0.0
1727290852709,1.113335,0.0
1727290854160,1.113335,0.0
1727290854527,1.11333,0.0
1727290854594,1.113335,0.0
1727290856892,1.11333,0.0
1727290858972,1.11333,0.0
1727290863225,1.11339,0.0
1727290864348,1.113375,0.0
1727290864526,1.11338,0.0
1727290864926,1.11337,0.0
1727290865256,1.113365,0.0
1727290865325,1.11338,0.0
1727290865927,1.11338,0.0
1727290866232,1.11338,0.0
1727290867098,1.11338,0.0
1727290866459,1.11338,0.0
1727290868087,1.1134,0.0
1727290867007,1.113365,0.0
1727290869908,1.11339,0.0
1727290870100,1.1134,0.0
1727290871128,1.11339,0.0
1727290871411,1.1134,0.0
1727290873010,1.11339,0.0
1727290873200,1.1134,0.0
1727290873842,1.11339,0.0
1727290874046,1.1134,0.0
1727290874518,1.1134,0.0
1727290874998,1.1134,0.0
1727290875300,1.11339,0.0
1727290875545,1.1134,0.0
1727290875896,1.1134,0.0
1727290877015,1.11341,0.0
1727290877209,1.11341,0.0
1727290877694,1.11342,0.0
1727290878038,1.11342,0.0
1727290878275,1.11341,0.0
1727290878749,1.11342,0.0
1727290879031,1.11342,0.0
1727290878455,1.11342,0.0
1727290879487,1.11341,0.0
1727290879653,1.11342,0.0
1727290879810,1.11341,0.0
1727290880277,1.11342,0.0
1727290880789,1.11342,0.0
1727290881051,1.113405,0.0
1727290881969,1.11341,0.0
1727290882234,1.113405,0.0
1727290883729,1.113405,0.0
1727290883487,1.11341,0.0
1727290884817,1.11341,0.0
1727290885226,1.113405,0.0
1727290886084,1.11339,0.0
1727290887581,1.1134,0.0
1727291142376,1.11344,0.0
1727291142441,1.11343,0.0
1727291146542,1.11339,0.0
1727291146962,1.113375,0.0
1727291147919,1.11338,0.0
1727291154921,1.113375,0.0
1727291155378,1.11337,0.0
1727291155654,1.11338,0.0
1727291156124,1.11337,0.0
1727291156328,1.11337,0.0
1727291156500,1.11338,0.0
1727291158540,1.11338,0.0
1727291159057,1.11338,0.0
1727291161764,1.113375,0.0
1727291165575,1.113365,0.0
1727291172281,1.11336,0.0
1727291172507,1.113365,0.0
1727291174674,1.11334,0.0
1727291176578,1.113335,0.0
1727291177832,1.113335,0.0
1727291177631,1.11333,0.0
1727291178373,1.11333,0.0
1727291186565,1.113325,0.0
1727291260269,1.11345,0.0
1727291262070,1.11347,0.0
1727291262242,1.11346,0.0
1727291263701,1.11346,0.0
1727291263860,1.11344,0.0
1727291266180,1.11343,0.0
1727291266859,1.113435,0.0
1727291267213,1.11343,0.0
1727291268107,1.11339,0.0
1727291269453,1.1134,0.0
1727291270088,1.11341,0.0
1727291272689,1.1134,0.0
1727291272897,1.11339,0.0
1727291273268,1.113385,0.0
1727291274181,1.113385,0.0
1727291274415,1.11339,0.0
1727291274570,1.113385,0.0
1727291283453,1.11339,0.0
1727291283810,1.11342,0.0
1727291284421,1.11342,0.0
1727291284638,1.11343,0.0
1727291285168,1.11344,0.0
1727291286546,1.11345,0.0
1727291286793,1.113465,0.0
1727291288288,1.11346,0.0
1727291289249,1.11347,0.0
1727291289306,1.11346,0.0
1727291290190,1.113465,0.0
1727291291413,1.11348,0.0
1727291292007,1.11347,0.0
1727291294282,1.113465,0.0
1727291294864,1.11348,0.0
1727291297034,1.11349,0.0
1727291296382,1.11349,0.0
1727291297371,1.11348,0.0
1727291298107,1.113485,0.0
1727291298766,1.11353,0.0
1727291301137,1.11351,0.0
1727291304416,1.11349,0.0
1727291307065,1.113495,0.0
1727291307802,1.1135,0.0
1727291308119,1.113515,0.0
1727291308334,1.11352,0.0
1727291319398,1.113455,0.0
1727291319725,1.11346,0.0
1727291377732,1.11342,0.0
1727291378175,1.11342,0.0
1727291383974,1.11341,0.0
1727291388035,1.113405,0.0
1727291388747,1.1134,0.0
1727291392278,1.113385,0.0
1727291392991,1.11342,0.0
1727291393213,1.113405,0.0
1727291395535,1.113405,0.0
1727291396261,1.113405,0.0
1727291396553,1.1134,0.0
1727291397277,1.11341,0.0
1727291397695,1.113405,0.0
1727291397939,1.113385,0.0
1727291400564,1.1134,0.0
1727291400004,1.11338,0.0
1727291400230,1.1134,0.0
1727291403657,1.113395,0.0
1727291406012,1.113395,0.0
1727291407005,1.1134,0.0
1727291407280,1.113395,0.0
1727291408037,1.11339,0.0
1727291409010,1.113385,0.0
1727291410574,1.11338,0.0
1727291411326,1.113385,0.0
1727291411398,1.1134,0.0
1727291412214,1.113395,0.0
1727291412444,1.11338,0.0
1727291413879,1.11342,0.0
1727291413335,1.1134,0.0
1727291414853,1.113425,0.0
1727291417570,1.113405,0.0
1727291417736,1.1134,0.0
1727291419868,1.113385,0.0
1727291423114,1.113415,0.0
1727291423289,1.11341,0.0
1727291425689,1.11342,0.0
1727291434621,1.113415,0.0
1727291435181,1.113395,0.0
1727291436133,1.11339,0.0
1727291436415,1.11339,0.0
1727291436257,1.113395,0.0
1727291437144,1.1134,0.0
1727291437880,1.11339,0.0
1727291502559,1.11328,0.0
1727291502684,1.113275,0.0
1727291504115,1.11329,0.0
1727291504200,1.113285,0.0
1727291505208,1.113285,0.0
1727291505039,1.11329,0.0
1727291506052,1.11329,0.0
1727291506495,1.11329,0.0
1727291506752,1.113285,0.0
1727291507109,1.11329,0.0
1727291507295,1.113285,0.0
1727291508361,1.11329,0.0
1727291508626,1.113285,0.0
1727291508807,1.11329,0.0
1727291509155,1.113275,0.0
1727291512360,1.113325,0.0
1727291518217,1.11328,0.0
1727291518650,1.113265,0.0
1727291519219,1.11327,0.0
1727291520524,1.113255,0.0
1727291521677,1.11326,0.0
1727291526758,1.113245,0.0
1727291539167,1.113265,0.0
1727291539703,1.11332,0.0
1727291542852,1.113325,0.0
1727291543490,1.11332,0.0
1727291543675,1.113325,0.0
1727291544215,1.113375,0.0
1727291544750,1.113375,0.0
1727291544809,1.11338,0.0
1727291545207,1.11338,0.0
1727291545397,1.113375,0.0
1727291545759,1.11338,0.0
1727291545990,1.11338,0.0
1727291546046,1.113385,0.0
1727291547082,1.113395,0.0
1727291548072,1.113385,0.0
1727291547632,1.11339,0.0
1727291549564,1.11339,0.0
1727291550104,1.11339,0.0
1727291550802,1.11338,0.0
1727291550626,1.113375,0.0
1727291551787,1.113375,0.0
1727291552053,1.11338,0.0
1727291552692,1.113375,0.0
1727291553010,1.11338,0.0
1727291553229,1.11338,0.0
1727291556617,1.113375,0.0
1727291556938,1.11338,0.0
1727291557268,1.113375,0.0
1727291557776,1.113375,0.0
1727291557903,1.11337,0.0
1727291558123,1.113365,0.0
1727291558352,1.11337,0.0
1727291558754,1.113365,0.0
1727291560656,1.11336,0.0
1727291623701,1.11339,0.0
1727291624060,1.113395,0.0
1727291624644,1.113385,0.0
1727291626242,1.11339,0.0
1727291626651,1.113325,0.0
1727291626826,1.11332,0.0
1727291632769,1.113325,0.0
1727291634623,1.11332,0.0
1727291637931,1.113325,0.0
1727291638000,1.11332,0.0
1727291638000,1.11332,0.0
1727291646590,1.113325,0.0
1727291650831,1.11336,0.0
1727291651142,1.11337,0.0
1727291654584,1.113375,0.0
1727291655287,1.113375,0.0
1727291661618,1.11336,0.0
1727291662181,1.113365,0.0
1727291662371,1.113355,0.0
1727291662602,1.11335,0.0
1727291663531,1.113355,0.0
1727291664149,1.11335,0.0
1727291670338,1.11333,0.0
1727291673023,1.113305,0.0
1727291672505,1.1133,0.0
1727291673193,1.11331,0.0
1727291673954,1.113305,0.0
1727291674195,1.11331,0.0
1727291674463,1.113305,0.0
1727291674770,1.113245,0.0
1727291675491,1.1132,0.0
1727291674879,1.113215,0.0
1727291675636,1.113195,0.0
1727291676102,1.1132,0.0
1727291734550,1.11315,0.0
1727291738682,1.11315,0.0
1727291739523,1.113155,0.0
1727291739701,1.113175,0.0
1727291740101,1.11317,0.0
1727291740239,1.11316,0.0
1727291740497,1.11317,0.0
1727291740758,1.113165,0.0
1727291741868,1.113165,0.0
1727291742058,1.11316,0.0
1727291742380,1.11317,0.0
1727291742500,1.11316,0.0
1727291743050,1.113165,0.0
1727291743316,1.11317,0.0
1727291744156,1.113165,0.0
1727291744696,1.11317,0.0
1727291745370,1.113165,0.0
1727291747070,1.113185,0.0
1727291749617,1.11319,0.0
1727291750102,1.113195,0.0
1727291750360,1.11319,0.0
1727291751513,1.113195,0.0
1727291752871,1.1132,0.0
1727291753106,1.1132,0.0
1727291754118,1.11326,0.0
1727291754390,1.113245,0.0
1727291755130,1.113245,0.0
1727291760202,1.11325,0.0
1727291779462,1.11325,0.0
1727291784177,1.11321,0.0
1727291784258,1.113215,0.0
1727291784869,1.113195,0.0
1727291785402,1.1132,0.0
1727291786134,1.113195,0.0
1727291786651,1.1132,0.0
1727291786802,1.113195,0.0
1727291787129,1.113195,0.0
1727291788477,1.113185,0.0
1727291789147,1.11319,0.0
1727291790671,1.113185,0.0
1727291795094,1.11319,0.0
1727291856269,1.11324,0.0
1727291856269,1.11324,0.0
1727291867498,1.113235,0.0
1727291868429,1.11323,0.0
1727291868649,1.113235,0.0
1727291868949,1.11324,0.0
1727291869428,1.113245,0.0
1727291869581,1.113235,0.0
1727291870623,1.113205,0.0
1727291870852,1.1132,0.0
1727291871170,1.113205,0.0
1727291871370,1.1132,0.0
1727291871556,1.1132,0.0
1727291871858,1.113195,0.0
1727291871980,1.1132,0.0
1727291872293,1.113195,0.0
1727291873400,1.113185,0.0
1727291872937,1.113195,0.0
1727291873049,1.1132,0.0
1727291874347,1.11319,0.0
1727291874919,1.11319,0.0
1727291874107,1.113185,0.0
1727291875172,1.113185,0.0
1727291875342,1.113195,0.0
1727291875847,1.113185,0.0
1727291875520,1.11319,0.0
1727291879164,1.113185,0.0
1727291879531,1.11319,0.0
1727291879750,1.113185,0.0
1727291880324,1.113185,0.0
1727291880707,1.11319,0.0
1727291880151,1.11319,0.0
1727291881881,1.113205,0.0
1727291883415,1.11324,0.0
1727291883697,1.113245,0.0
1727291883954,1.11324,0.0
1727291884616,1.11324,0.0
1727291885291,1.113245,0.0
1727291886193,1.11324,0.0
1727291886403,1.113235,0.0
1727291886968,1.11324,0.0
1727291887177,1.11323,0.0
1727291887229,1.11324,0.0
1727291888714,1.11322,0.0
1727291888927,1.113215,0.0
1727291895119,1.11321,0.0
1727291896979,1.1132,0.0
1727291897197,1.113235,0.0
1727291897323,1.11323,0.0
1727291898478,1.11323,0.0
1727291898764,1.113225,0.0
1727291899305,1.11323,0.0
1727291899966,1.11323,0.0
1727291901952,1.113225,0.0
1727291902130,1.11323,0.0
1727291902501,1.113235,0.0
1727291902702,1.11323,0.0
1727291902862,1.113225,0.0
1727291903186,1.11323,0.0
1727291903506,1.113225,0.0
1727291904051,1.11323,0.0
1727291905127,1.113225,0.0
1727291905537,1.11323,0.0
1727291905775,1.113225,0.0
1727291907160,1.11322,0.0
1727291907470,1.11322,0.0
1727291908135,1.113205,0.0
1727291908629,1.11321,0.0
1727291914724,1.11321,0.0
1727291982984,1.113195,0.0
1727291985103,1.1132,0.0
1727291985227,1.11321,0.0
1727291986812,1.1132,0.0
1727291986864,1.113205,0.0
1727291994380,1.11321,0.0
1727291999248,1.113225,0.0
1727291999549,1.11321,0.0
1727292002050,1.113215,0.0
1727292002361,1.113215,0.0
1727292002498,1.113215,0.0
1727292003225,1.113215,0.0
1727292002923,1.11321,0.0
1727292005848,1.11322,0.0
1727292006007,1.113215,0.0
1727292007034,1.11322,0.0
1727292007306,1.113215,0.0
1727292007740,1.11322,0.0
1727292007920,1.113215,0.0
1727292008390,1.11322,0.0
1727292008545,1.113215,0.0
1727292008815,1.11322,0.0
1727292008998,1.113215,0.0
1727292009390,1.113215,0.0
1727292009513,1.113215,0.0
1727292009870,1.113215,0.0
1727292010059,1.11322,0.0
1727292010775,1.11322,0.0
1727292010599,1.113215,0.0
1727292010976,1.113215,0.0
1727292011196,1.11322,0.0
1727292011642,1.113225,0.0
1727292011702,1.11323,0.0
1727292012111,1.113225,0.0
1727292012375,1.11322,0.0
1727292013194,1.113225,0.0
1727292013664,1.11322,0.0
1727292013770,1.113205,0.0
1727292017729,1.11322,0.0
1727292017968,1.113215,0.0
1727292020678,1.11321,0.0
1727292024255,1.113215,0.0
1727292024602,1.11321,0.0
1727292025149,1.11321,0.0
1727292025625,1.11321,0.0
1727292026070,1.113215,0.0
1727292027407,1.113215,0.0
1727292028516,1.113225,0.0
1727292029737,1.113215,0.0
1727292030900,1.11322,0.0
1727292095667,1.11318,0.0
1727292099704,1.11318,0.0
1727292110059,1.11318,0.0
1727292112605,1.113185,0.0
1727292112869,1.113185,0.0
1727292113331,1.11318,0.0
1727292113885,1.11318,0.0
1727292114131,1.113185,0.0
1727292114971,1.113185,0.0
1727292114400,1.11318,0.0
1727292115274,1.113185,0.0
1727292115571,1.11318,0.0
1727292116112,1.113185,0.0
1727292116270,1.11318,0.0
1727292116677,1.11318,0.0
1727292117118,1.11318,0.0
1727292117833,1.113185,0.0
1727292118057,1.11318,0.0
1727292118864,1.113185,0.0
1727292119053,1.11318,0.0
1727292119261,1.11317,0.0
1727292119571,1.11317,0.0
1727292119909,1.113175,0.0
1727292120439,1.113175,0.0
1727292120064,1.11318,0.0
1727292120641,1.11317,0.0
1727292120716,1.11318,0.0
1727292125705,1.113185,0.0
1727292128013,1.11318,0.0
1727292130416,1.11318,0.0
1727292131640,1.11317,0.0
1727292133069,1.113175,0.0
1727292133537,1.11318,0.0
1727292134407,1.11318,0.0
1727292134841,1.11317,0.0
1727292134690,1.11317,0.0
1727292135505,1.113175,0.0
1727292136069,1.11318,0.0
1727292135895,1.113175,0.0
1727292138633,1.113185,0.0
1727292143577,1.11318,0.0
1727292144210,1.11318,0.0
1727292144322,1.113175,0.0
1727292146170,1.113195,0.0
1727292148836,1.11321,0.0
1727292226757,1.113165,0.0
1727292228381,1.113115,0.0
1727292228435,1.11311,0.0
1727292229453,1.113115,0.0
1727292230233,1.113115,0.0
1727292229718,1.11312,0.0
1727292230802,1.11312,0.0
1727292231182,1.113115,0.0
1727292231498,1.11312,0.0
1727292231810,1.113115,0.0
1727292232155,1.11311,0.0
1727292232585,1.113115,0.0
1727292233097,1.11312,0.0
1727292233386,1.11312,0.0
1727292233723,1.113115,0.0
1727292234053,1.113115,0.0
1727292234966,1.11312,0.0
1727292234895,1.113115,0.0
1727292234587,1.113115,0.0
1727292234294,1.113115,0.0
1727292235229,1.113115,0.0
1727292237642,1.113115,0.0
1727292238563,1.113115,0.0
1727292236203,1.113115,0.0
1727292238746,1.11311,0.0
1727292238043,1.11312,0.0
1727292236020,1.11312,0.0
1727292239273,1.113065,0.0
1727292238373,1.11311,0.0
1727292236734,1.11312,0.0
1727292237156,1.11312,0.0
1727292240333,1.113075,0.0
1727292240018,1.11307,0.0
1727292241439,1.11307,0.0
1727292243891,1.113095,0.0
1727292243494,1.113075,0.0
1727292244047,1.11308,0.0
1727292245123,1.11308,0.0
1727292249893,1.11308,0.0
1727292256225,1.11308,0.0
1727292260588,1.1131,0.0
1727292260648,1.113095,0.0
1727292261585,1.113085,0.0
1727292261635,1.11308,0.0
1727292264781,1.113085,0.0
1727292265361,1.113085,0.0
1727292265713,1.11308,0.0
1727292270697,1.113065,0.0
1727292271529,1.113065,0.0
1727292271810,1.11307,0.0
1727292345903,1.1131,0.0
1727292346030,1.113105,0.0
1727292361008,1.1131,0.0
1727292362645,1.113065,0.0
1727292364041,1.113075,0.0
1727292363851,1.11308,0.0
1727292364667,1.11307,0.0
1727292363320,1.113075,0.0
1727292365611,1.11307,0.0
1727292365467,1.113075,0.0
1727292372376,1.113075,0.0
1727292372802,1.11307,0.0
1727292379123,1.113075,0.0
1727292386522,1.113075,0.0
1727292392709,1.11308,0.0
1727292392826,1.113075,0.0
1727292462702,1.113115,0.0
1727292462878,1.11311,0.0
1727292467581,1.11311,0.0
1727292467272,1.113115,0.0
1727292468002,1.113115,0.0
1727292469290,1.11311,0.0
1727292472805,1.113115,0.0
1727292472947,1.11311,0.0
1727292492663,1.11313,0.0
1727292493818,1.11312,0.0
1727292494218,1.11312,0.0
1727292494564,1.113125,0.0
1727292494719,1.11312,0.0
1727292494995,1.113125,0.0
1727292495316,1.11312,0.0
1727292497274,1.113125,0.0
1727292497457,1.113115,0.0
1727292497690,1.11312,0.0
1727292499048,1.11312,0.0
1727292499439,1.11311,0.0
1727292499281,1.113115,0.0
1727292504897,1.113115,0.0
1727292505527,1.11311,0.0
1727292516368,1.113125,0.0
1727292516685,1.11313,0.0
1727292520023,1.113125,0.0
1727292520217,1.11313,0.0
1727292522339,1.113125,0.0
1727292522589,1.11312,0.0
1727292586077,1.113015,0.0
1727292586561,1.11302,0.0
1727292586202,1.11302,0.0
1727292586739,1.11302,0.0
1727292587367,1.11301,0.0
1727292587547,1.11301,0.0
1727292588885,1.113005,0.0
1727292588986,1.11301,0.0
1727292589312,1.113015,0.0
1727292590152,1.11303,0.0
1727292590261,1.113035,0.0
1727292591552,1.11304,0.0
1727292592033,1.113045,0.0
1727292592842,1.113035,0.0
1727292595446,1.11305,0.0
1727292597326,1.11303,0.0
1727292598252,1.113015,0.0
1727292600327,1.113015,0.0
1727292600921,1.11302,0.0
1727292600978,1.113015,0.0
1727292602776,1.11302,0.0
1727292604853,1.11302,0.0
1727292607418,1.11301,0.0
1727292610690,1.113005,0.0
1727292611866,1.11301,0.0
1727292603798,1.113025,0.0
1727292610280,1.113005,0.0
1727292610580,1.11301,0.0
1727292612266,1.11302,0.0
1727292612744,1.113025,0.0
1727292614727,1.113055,0.0
1727292614990,1.11305,0.0
1727292617435,1.11305,0.0
1727292618384,1.113055,0.0
1727292620696,1.11306,0.0
1727292621233,1.113055,0.0
1727292621650,1.11308,0.0
1727292621702,1.113085,0.0
1727292622142,1.113105,0.0
1727292623361,1.11311,0.0
1727292626690,1.113115,0.0
1727292627617,1.11312,0.0
1727292627190,1.113115,0.0
1727292628400,1.113115,0.0
1727292629185,1.11312,0.0
1727292629281,1.113115,0.0
1727292640088,1.11309,0.0
1727292640429,1.11306,0.0
1727292641415,1.11306,0.0
1727292707595,1.11305,0.0
1727292712165,1.11305,0.0
1727292720181,1.113045,0.0
1727292720565,1.11305,0.0
1727292720811,1.11307,0.0
1727292722134,1.11309,0.0
1727292721139,1.113055,0.0
1727292721379,1.11307,0.0
1727292723675,1.113065,0.0
1727292723985,1.113065,0.0
1727292724115,1.11307,0.0
1727292726013,1.113095,0.0
1727292726360,1.11309,0.0
1727292726743,1.113095,0.0
1727292726982,1.11312,0.0
1727292816824,1.11302,0.0
1727292817436,1.113015,0.0
1727292817663,1.113015,0.0
1727292817899,1.113025,0.0
1727292818389,1.113025,0.0
1727292818791,1.11302,0.0
1727292821125,1.113015,0.0
1727292824118,1.11301,0.0
1727292824677,1.113,0.0
1727292824924,1.113005,0.0
1727292826796,1.11302,0.0
1727292831412,1.113015,0.0
1727292836585,1.11301,0.0
1727292836917,1.113015,0.0
1727292837495,1.11302,0.0
1727292838755,1.113015,0.0
1727292839329,1.11302,0.0
1727292844688,1.113015,0.0
1727292849426,1.113,0.0
1727292851982,1.11303,0.0
1727292852837,1.113015,0.0
1727292853228,1.11302,0.0
1727292856056,1.113015,0.0
1727292856423,1.11302,0.0
1727292856794,1.113015,0.0
1727292857282,1.113,0.0
1727292859445,1.113015,0.0
1727292859634,1.113,0.0
1727292861032,1.11302,0.0
1727292863095,1.113,0.0
1727292937496,1.11303,0.0
1727292947003,1.11302,0.0
1727292950001,1.113025,0.0
1727292950073,1.11302,0.0
1727292950411,1.113025,0.0
1727292951698,1.11302,0.0
1727292952129,1.113025,0.0
1727292955702,1.11302,0.0
1727292956124,1.113025,0.0
1727292957284,1.113025,0.0
1727292971560,1.113015,0.0
1727292973790,1.11302,0.0
1727292974405,1.113015,0.0
1727292975061,1.112995,0.0
1727292975207,1.11299,0.0
1727292977335,1.113,0.0
1727292984592,1.112915,0.0
1727292984700,1.11293,0.0
1727292985103,1.112925,0.0
1727292985167,1.11293,0.0
1727293056225,1.112965,0.0
1727293058040,1.112925,0.0
1727293058252,1.11293,0.0
1727293060311,1.11291,0.0
1727293061994,1.112905,0.0
1727293070048,1.112915,0.0
1727293070103,1.11291,0.0
1727293075320,1.11291,0.0
1727293077467,1.112905,0.0
1727293077714,1.112905,0.0
1727293078658,1.11291,0.0
1727293080052,1.112905,0.0
1727293081767,1.11291,0.0
1727293082333,1.11291,0.0
1727293085648,1.112905,0.0
1727293088841,1.112885,0.0
1727293088899,1.11288,0.0
1727293089180,1.11286,0.0
1727293090701,1.112865,0.0
1727293091830,1.112865,0.0
1727293091954,1.112865,0.0
1727293097378,1.112865,0.0
1727293098014,1.11286,0.0
1727293099624,1.112865,0.0
1727293103322,1.11286,0.0
1727293105780,1.112875,0.0
1727293106655,1.112875,0.0
1727293106742,1.11288,0.0
1727293108127,1.112875,0.0
1727293108628,1.11288,0.0
1727293175171,1.11278,0.0
1727293176053,1.112785,0.0
1727293176410,1.11279,0.0
1727293177387,1.11278,0.0
1727293177570,1.112785,0.0
1727293178160,1.11279,0.0
1727293178817,1.11278,0.0
1727293179025,1.11279,0.0
1727293180185,1.11278,0.0
1727293180281,1.11279,0.0
1727293180649,1.11278,0.0
1727293180813,1.11279,0.0
1727293181825,1.112785,0.0
1727293182184,1.112785,0.0
1727293182386,1.11278,0.0
1727293182590,1.112785,0.0
1727293183172,1.112775,0.0
1727293183386,1.11278,0.0
1727293183662,1.11278,0.0
1727293183832,1.112775,0.0
1727293184142,1.11278,0.0
1727293185056,1.112775,0.0
1727293185300,1.11278,0.0
1727293186838,1.112775,0.0
1727293187164,1.112785,0.0
1727293187692,1.1128,0.0
1727293187866,1.11281,0.0
1727293188191,1.1128,0.0
1727293189191,1.1128,0.0
1727293190211,1.1128,0.0
1727293190724,1.112805,0.0
1727293191339,1.1128,0.0
1727293191538,1.112805,0.0
1727293192485,1.1128,0.0
1727293192650,1.112805,0.0
1727293195112,1.112805,0.0
1727293195330,1.112805,0.0
1727293196826,1.112825,0.0
1727293197638,1.11283,0.0
1727293197804,1.112825,0.0
1727293198063,1.11282,0.0
1727293198565,1.11283,0.0
1727293198784,1.112825,0.0
1727293199739,1.112825,0.0
1727293199955,1.11283,0.0
1727293200128,1.11282,0.0
1727293207435,1.11283,0.0
1727293208388,1.11283,0.0
1727293208602,1.112835,0.0
1727293208057,1.112825,0.0
1727293208902,1.11283,0.0
1727293209123,1.112835,0.0
1727293209313,1.11283,0.0
1727293210051,1.112835,0.0
1727293210747,1.112825,0.0
1727293210965,1.112835,0.0
1727293211226,1.112835,0.0
1727293211520,1.11282,0.0
1727293213175,1.11283,0.0
1727293213485,1.112825,0.0
1727293221454,1.11281,0.0
1727293227189,1.112815,0.0
1727293232950,1.112825,0.0
1727293291168,1.11287,0.0
1727293295191,1.11287,0.0
1727293297105,1.112875,0.0
1727293303093,1.112865,0.0
1727293303258,1.112865,0.0
1727293306441,1.11287,0.0
1727293307922,1.112875,0.0
1727293308127,1.11287,0.0
1727293309184,1.112875,0.0
1727293312313,1.11286,0.0
1727293313212,1.112865,0.0
1727293315251,1.112865,0.0
1727293315195,1.11287,0.0
1727293318188,1.112865,0.0
1727293320209,1.11287,0.0
1727293320270,1.112875,0.0
1727293320913,1.11287,0.0
1727293320965,1.112865,0.0
1727293323480,1.112865,0.0
1727293323329,1.11287,0.0
1727293331783,1.112865,0.0
1727293339566,1.112835,0.0
1727293337365,1.11283,0.0
1727293345403,1.11287,0.0
1727293345003,1.11287,0.0
1727293345996,1.112875,0.0
1727293346220,1.11287,0.0
1727293348258,1.112875,0.0
1727293348683,1.11287,0.0
1727293348912,1.112875,0.0
1727293349018,1.11287,0.0
1727293419240,1.112865,0.0
1727293421896,1.11287,0.0
1727293422251,1.112865,0.0
1727293424265,1.11287,0.0
1727293425767,1.112865,0.0
1727293426156,1.11287,0.0
1727293427336,1.112865,0.0
1727293426921,1.11285,0.0
1727293428519,1.112845,0.0
1727293428821,1.11285,0.0
1727293428273,1.11284,0.0
1727293429437,1.112845,0.0
1727293431959,1.11284,0.0
1727293432511,1.112845,0.0
1727293433060,1.112845,0.0
1727293432851,1.11284,0.0
1727293433662,1.112845,0.0
1727293435254,1.112845,0.0
1727293435764,1.11284,0.0
1727293437254,1.11284,0.0
1727293438051,1.112845,0.0
1727293439684,1.11283,0.0
1727293439929,1.11283,0.0
1727293441586,1.112825,0.0
1727293442777,1.112825,0.0
1727293450225,1.11283,0.0
1727293452226,1.112825,0.0
1727293452939,1.11283,0.0
1727293453686,1.112825,0.0
1727293453818,1.11283,0.0
1727293454231,1.112815,0.0
1727293461165,1.11281,0.0
1727293461557,1.11281,0.0
1727293461793,1.112815,0.0
1727293467433,1.11281,0.0
1727293467497,1.112815,0.0
1727293467809,1.11281,0.0
1727293469556,1.11281,0.0
1727293533274,1.112865,0.0
1727293535074,1.112865,0.0
1727293538841,1.112865,0.0
1727293539678,1.112865,0.0
1727293544670,1.112865,0.0
1727293545340,1.112855,0.0
1727293544899,1.112855,0.0
1727293545177,1.112855,0.0
1727293545889,1.11288,0.0
1727293546346,1.112885,0.0
1727293546073,1.112885,0.0
1727293547197,1.11288,0.0
1727293548669,1.112885,0.0
1727293549125,1.11288,0.0
1727293549948,1.112885,0.0
1727293549600,1.112885,0.0
1727293550186,1.11288,0.0
1727293550442,1.112885,0.0
1727293551214,1.11288,0.0
1727293550903,1.112885,0.0
1727293551373,1.112885,0.0
1727293551837,1.11288,0.0
1727293552065,1.112885,0.0
1727293552311,1.112885,0.0
1727293552898,1.11288,0.0
1727293553144,1.11288,0.0
1727293554435,1.11288,0.0
1727293554917,1.112885,0.0
1727293554236,1.112885,0.0
1727293555475,1.11288,0.0
1727293556089,1.112885,0.0
1727293556713,1.112875,0.0
1727293556927,1.11288,0.0
1727293559845,1.112885,0.0
1727293560387,1.112885,0.0
1727293565335,1.11289,0.0
1727293578306,1.112905,0.0
1727293583778,1.11289,0.0
1727293586754,1.11289,0.0
1727293656986,1.11287,0.0
1727293661149,1.11287,0.0
1727293666311,1.112855,0.0
1727293668812,1.112865,0.0
1727293669200,1.11286,0.0
1727293669934,1.11286,0.0
1727293670623,1.11286,0.0
1727293670121,1.112865,0.0
1727293671870,1.112865,0.0
1727293672094,1.11286,0.0
1727293675284,1.112865,0.0
1727293675513,1.112865,0.0
1727293676006,1.11286,0.0
1727293676509,1.112865,0.0
1727293677010,1.11286,0.0
1727293678069,1.112865,0.0
1727293677510,1.112865,0.0
1727293678319,1.112865,0.0
1727293682540,1.11286,0.0
1727293682965,1.112865,0.0
1727293683300,1.112865,0.0
1727293692163,1.112895,0.0
1727293692450,1.112905,0.0
1727293698333,1.11291,0.0
1727293701480,1.11291,0.0
1727293701331,1.112905,0.0
1727293701699,1.112905,0.0
1727293701945,1.11291,0.0
1727293709614,1.112925,0.0
1727293710046,1.112915,0.0
1727293710266,1.11292,0.0
1727293710544,1.112915,0.0
1727293710756,1.11292,0.0
1727293711073,1.11292,0.0
1727293711256,1.112915,0.0
1727293715433,1.11292,0.0
1727293782281,1.112995,0.0
1727293792165,1.113015,0.0
1727293794614,1.11301,0.0
1727293796625,1.113015,0.0
1727293797182,1.11301,0.0
1727293798533,1.113005,0.0
1727293803104,1.11303,0.0
1727293801541,1.113005,0.0
1727293802001,1.11301,0.0
1727293802305,1.113015,0.0
1727293802490,1.11301,0.0
1727293807630,1.113045,0.0
1727293802803,1.113015,0.0
1727293800179,1.11301,0.0
1727293812818,1.113025,0.0
1727293812230,1.113025,0.0
1727293812410,1.11302,0.0
1727293814552,1.113025,0.0
1727293816023,1.11303,0.0
1727293816234,1.113025,0.0
1727293818139,1.11302,0.0
1727293818411,1.113025,0.0
1727293820895,1.113035,0.0
1727293822037,1.11303,0.0
1727293822570,1.113035,0.0
1727293824858,1.11303,0.0
1727293824441,1.11302,0.0
1727293825390,1.113025,0.0
1727293825452,1.11303,0.0
1727293827075,1.113025,0.0
1727293827616,1.11303,0.0
1727293828495,1.11303,0.0
1727293829250,1.113035,0.0
1727293835149,1.11303,0.0
1727293835780,1.113025,0.0
1727293835664,1.11302,0.0
1727293836685,1.113025,0.0
1727293837160,1.113025,0.0
1727293837279,1.11302,0.0
1727293838370,1.113025,0.0
1727293838640,1.11303,0.0
1727293839109,1.113025,0.0
1727293839775,1.11303,0.0
1727293840115,1.113025,0.0
1727293840448,1.11303,0.0
1727293841103,1.113025,0.0
1727293841403,1.11303,0.0
1727293841890,1.113025,0.0
1727293846173,1.113015,0.0
1727293846513,1.11302,0.0
1727293847591,1.113025,0.0
1727293848703,1.11302,0.0
1727293848923,1.11302,0.0
1727293850836,1.113025,0.0
1727293851141,1.11302,0.0
1727293851585,1.11302,0.0
1727293913041,1.11306,0.0
1727293913502,1.113065,0.0
1727293916762,1.113045,0.0
1727293918763,1.113045,0.0
1727293921042,1.113035,0.0
1727293927444,1.113055,0.0
1727293929735,1.113055,0.0
1727293929677,1.11305,0.0
1727293930823,1.11304,0.0
1727293932037,1.11304,0.0
1727293931864,1.113045,0.0
1727293932661,1.11304,0.0
1727293933000,1.113015,0.0
1727293937239,1.11299,0.0
1727293938265,1.11299,0.0
1727293937553,1.112995,0.0
1727293939808,1.112985,0.0
1727293940246,1.11297,0.0
1727294038187,1.112905,0.0
1727294038473,1.1129,0.0
1727294039948,1.112895,0.0
1727294040791,1.1129,0.0
1727294041476,1.1129,0.0
1727294042193,1.112895,0.0
1727294042354,1.1129,0.0
1727294043451,1.1129,0.0
1727294048238,1.11287,0.0
1727294048323,1.112865,0.0
1727294054178,1.11286,0.0
1727294054782,1.11289,0.0
1727294056776,1.112895,0.0
1727294057127,1.112895,0.0
1727294057236,1.11289,0.0
1727294060209,1.112895,0.0
1727294061158,1.11289,0.0
1727294062352,1.1129,0.0
1727294061575,1.112895,0.0
1727294061853,1.112895,0.0
1727294067527,1.11287,0.0
1727294067398,1.11287,0.0
1727294071134,1.11287,0.0
1727294072191,1.11288,0.0
1727294073852,1.112885,0.0
1727294075149,1.112885,0.0
1727294075483,1.11288,0.0
1727294074327,1.11288,0.0
1727294075784,1.112865,0.0
1727294075971,1.11285,0.0
1727294077410,1.112855,0.0
1727294077541,1.11286,0.0
1727294079624,1.112875,0.0
1727294085203,1.11291,0.0
1727294085726,1.112915,0.0
1727294093347,1.112935,0.0
1727294083161,1.11291,0.0
1727294155811,1.11278,0.0
1727294152489,1.1128,0.0
1727294162554,1.11278,0.0
1727294163279,1.11277,0.0
1727294147563,1.112785,0.0
1727294163753,1.11277,0.0
1727294157750,1.112785,0.0
1727294163826,1.112775,0.0
1727294157873,1.11278,0.0
1727294164135,1.11277,0.0
1727294164379,1.112775,0.0
1727294154733,1.112795,0.0
1727294164635,1.112775,0.0
1727294178374,1.11274,0.0
1727294162170,1.112785,0.0
1727294166882,1.112755,0.0
1727294183757,1.11277,0.0
1727294184615,1.112775,0.0
1727294184696,1.11277,0.0
1727294168279,1.11274,0.0
1727294168397,1.112735,0.0
1727294187259,1.112755,0.0
1727294187867,1.11277,0.0
1727294189353,1.11276,0.0
1727294169413,1.11274,0.0
1727294195112,1.112755,0.0
1727294170368,1.112735,0.0
1727294191007,1.112765,0.0
1727294198684,1.112765,0.0
1727294171352,1.11274,0.0
1727294205765,1.112735,0.0
1727294207788,1.112725,0.0
1727294209432,1.11273,0.0
1727294172632,1.11274,0.0
1727294314077,1.11259,0.0
1727294316790,1.112585,0.0
1727294323536,1.112575,0.0
1727294325592,1.11256,0.0
1727294326061,1.11257,0.0
1727294325214,1.11256,0.0
1727294328053,1.112565,0.0
1727294326569,1.112565,0.0
1727294325412,1.112555,0.0
1727294329895,1.11255,0.0
1727294327559,1.11257,0.0
1727294340241,1.11256,0.0
1727294337594,1.112555,0.0
1727294340514,1.11255,0.0
1727294338064,1.11255,0.0
1727294356252,1.11256,0.0
1727294354306,1.11256,0.0
1727294358052,1.112555,0.0
1727294369067,1.112545,0.0
1727294411188,1.11264,0.0
1727294416880,1.11261,0.0
1727294417319,1.11262,0.0
1727294446063,1.11256,0.0
1727294446357,1.112565,0.0
1727294449345,1.11259,0.0
1727294421318,1.112615,0.0
1727294423216,1.11261,0.0
1727294450567,1.11259,0.0
1727294456660,1.112585,0.0
1727294425357,1.112595,0.0
1727294426061,1.112565,0.0
1727294461599,1.11258,0.0
1727294461715,1.112575,0.0
1727294429786,1.11259,0.0
1727294432636,1.112595,0.0
1727294466283,1.112605,0.0
1727294433303,1.1126,0.0
1727294433473,1.112595,0.0
1727294403649,1.112675,0.0
1727294404019,1.11267,0.0
1727294564580,1.112515,0.0
1727294391244,1.11257,0.0
1727294566511,1.112515,0.0
1727294565992,1.11251,0.0
1727294568081,1.11252,0.0
1727294567605,1.11251,0.0
1727294568748,1.11252,0.0
1727294568013,1.112525,0.0
1727294570488,1.11251,0.0
1727294569737,1.112515,0.0
1727294569926,1.112515,0.0
1727294571471,1.112515,0.0
1727294571774,1.11251,0.0
1727294571971,1.11251,0.0
1727294572208,1.112515,0.0
1727294374757,1.11256,0.0
1727294574407,1.11251,0.0
1727294575765,1.112515,0.0
1727294575535,1.11251,0.0
1727294576775,1.11251,0.0
1727294375052,1.112555,0.0
1727294577880,1.112515,0.0
1727294578176,1.11252,0.0
1727294579293,1.11253,0.0
1727294404891,1.112675,0.0
1727294585040,1.11256,0.0
1727294585372,1.112545,0.0
1727294585576,1.11255,0.0
1727294404945,1.11268,0.0
1727294588378,1.112565,0.0
1727294588880,1.11256,0.0
1727294592578,1.112565,0.0
1727294405606,1.112685,0.0
1727294594493,1.11255,0.0
1727294405810,1.11268,0.0
1727294392279,1.112575,0.0
1727294597303,1.112555,0.0
1727294406112,1.11266,0.0
1727294392411,1.11257,0.0
1727294406218,1.112665,0.0
1727294392674,1.112575,0.0
1727294604638,1.11257,0.0
1727294393339,1.112575,0.0
1727294408057,1.112655,0.0
1727294408264,1.11264,0.0
1727294393462,1.11257,0.0
1727294611270,1.11259,0.0
1727294612665,1.11262,0.0
1727294408685,1.112645,0.0
1727294612358,1.112615,0.0
1727294697726,1.112655,0.0
1727294697997,1.112685,0.0
1727294698215,1.11268,0.0
1727294698276,1.112675,0.0
1727294699475,1.11268,0.0
1727294699535,1.112685,0.0
1727294700749,1.112705,0.0
1727294704967,1.11269,0.0
1727294707253,1.112695,0.0
1727294708526,1.112685,0.0
1727294708526,1.112685,0.0
1727294719332,1.11269,0.0
1727294720509,1.112675,0.0
1727294722921,1.11267,0.0
1727294724636,1.112675,0.0
1727294725401,1.11267,0.0
1727294732884,1.112665,0.0
1727294734385,1.112625,0.0
1727294734445,1.11261,0.0
1727294809525,1.11269,0.0
1727294810553,1.11269,0.0
1727294815300,1.112665,0.0
1727294815775,1.11265,0.0
1727294816407,1.112645,0.0
1727294817163,1.112655,0.0
1727294817884,1.11266,0.0
1727294818672,1.112655,0.0
1727294822630,1.11264,0.0
1727294825236,1.112645,0.0
1727294825741,1.11264,0.0
1727294826181,1.11264,0.0
1727294845549,1.112625,0.0
1727294857380,1.11263,0.0
1727294929330,1.11267,0.0
1727294930448,1.112685,0.0
1727294935099,1.11268,0.0
1727294935335,1.11268,0.0
1727294936821,1.112675,0.0
1727294937084,1.11267,0.0
1727294938142,1.112645,0.0
1727294938491,1.11265,0.0
1727294949817,1.112645,0.0
1727294951167,1.112645,0.0
1727294951679,1.11265,0.0
1727294953665,1.112645,0.0
1727294956910,1.11266,0.0
1727294957134,1.11265,0.0
1727294958215,1.11265,0.0
1727294959919,1.112655,0.0
1727294959366,1.112655,0.0
1727294960179,1.11266,0.0
1727294960238,1.112655,0.0
1727294966833,1.112655,0.0
1727294975357,1.11269,0.0
1727295051156,1.11273,0.0
1727295051223,1.112725,0.0
1727295051524,1.11272,0.0
1727295053062,1.112725,0.0
1727295060191,1.11272,0.0
1727295063697,1.112775,0.0
1727295063863,1.112785,0.0
1727295064483,1.112775,0.0
1727295064956,1.11277,0.0
1727295067129,1.112775,0.0
1727295072135,1.112785,0.0
1727295082663,1.112765,0.0
1727295093641,1.11275,0.0
1727295094005,1.112755,0.0
1727295094196,1.11275,0.0
1727295095235,1.112755,0.0
1727295098091,1.11275,0.0
1727295098341,1.112755,0.0
1727295099220,1.11275,0.0
1727295099469,1.112755,0.0
1727295099683,1.11275,0.0
1727295106285,1.11275,0.0
1727295106646,1.112755,0.0
1727295153340,1.11278,0.0
1727295173123,1.112775,0.0
1727295173894,1.11277,0.0
1727295175034,1.112775,0.0
1727295175139,1.112785,0.0
1727295181996,1.11279,0.0
1727295182255,1.11279,0.0
1727295182861,1.112785,0.0
1727295183552,1.112765,0.0
1727295189258,1.112785,0.0
1727295190670,1.11278,0.0
1727295190839,1.112785,0.0
1727295191120,1.11278,0.0
1727295191487,1.112765,0.0
1727295199046,1.11276,0.0
1727295199098,1.112765,0.0
1727295201120,1.11276,0.0
1727295201865,1.112765,0.0
1727295210026,1.112785,0.0
1727295214019,1.11278,0.0
1727295214330,1.112785,0.0
1727295214502,1.11278,0.0
1727295215809,1.11278,0.0
1727295216031,1.11278,0.0
1727295216157,1.112775,0.0
1727295216762,1.112785,0.0
1727295218515,1.11278,0.0
1727295218901,1.11279,0.0
1727295220326,1.11278,0.0
1727295298924,1.1128,0.0
1727295301177,1.11283,0.0
1727295302380,1.11282,0.0
1727295302928,1.112825,0.0
1727295303829,1.11282,0.0
1727295303899,1.112825,0.0
1727295305673,1.11282,0.0
1727295306326,1.112825,0.0
1727295310056,1.11282,0.0
1727295310267,1.112805,0.0
1727295310665,1.11281,0.0
1727295319933,1.112805,0.0
1727295320726,1.11281,0.0
1727295321458,1.112805,0.0
1727295322544,1.11281,0.0
1727295323758,1.112805,0.0
1727295323965,1.11281,0.0
1727295330172,1.11282,0.0
1727295341221,1.11281,0.0
1727295341284,1.112815,0.0
1727295407552,1.11283,0.0
1727295418254,1.112825,0.0
1727295419105,1.11282,0.0
1727295419667,1.112825,0.0
1727295420981,1.11283,0.0
1727295421392,1.112825,0.0
1727295421535,1.11283,0.0
1727295424246,1.11282,0.0
1727295424302,1.112815,0.0
1727295430081,1.11283,0.0
1727295437705,1.11284,0.0
1727295441880,1.11283,0.0
1727295442568,1.11284,0.0
1727295443069,1.11283,0.0
1727295444267,1.112825,0.0
1727295444348,1.11283,0.0
1727295445232,1.112845,0.0
1727295445451,1.112845,0.0
1727295445840,1.112885,0.0
1727295445942,1.1129,0.0
1727295446426,1.11289,0.0
1727295454822,1.112895,0.0
1727295461802,1.11291,0.0
1727295529355,1.11289,0.0
1727295544738,1.1129,0.0
1727295544847,1.112895,0.0
1727295544847,1.112895,0.0
1727295571967,1.11289,0.0
1727295577048,1.11289,0.0
1727295584035,1.112885,0.0
1727295652058,1.112825,0.0
1727295654057,1.11282,0.0
1727295654559,1.11282,0.0
1727295655681,1.112815,0.0
1727295658135,1.112815,0.0
1727295659208,1.11282,0.0
1727295660473,1.112815,0.0
1727295660593,1.112815,0.0
1727295660876,1.11282,0.0
1727295676457,1.112835,0.0
1727295678055,1.11283,0.0
1727295681576,1.112825,0.0
1727295687701,1.11284,0.0
1727295774519,1.11283,0.0
1727295780954,1.112835,0.0
1727295796961,1.112835,0.0
1727295800947,1.11284,0.0
1727295804419,1.112835,0.0
1727295805756,1.11283,0.0
1727295806021,1.112835,0.0
1727295806739,1.11283,0.0
1727295815213,1.112825,0.0
1727295815536,1.11283,0.0
1727295815645,1.11284,0.0
1727295818059,1.11283,0.0
1727295825423,1.112825,0.0
1727295893082,1.11283,0.0
1727295897240,1.112825,0.0
1727295909411,1.11283,0.0
1727295910174,1.112825,0.0
1727295915382,1.11283,0.0
1727295918298,1.112835,0.0
1727295918748,1.11283,0.0
1727295920311,1.112835,0.0
1727295921001,1.11283,0.0
1727295921859,1.112835,0.0
1727295926622,1.112835,0.0
1727295926738,1.11283,0.0
1727295927590,1.112835,0.0
1727295930703,1.11284,0.0
1727295930769,1.112835,0.0
1727295932127,1.11283,0.0
1727295932375,1.11286,0.0
1727295932529,1.112865,0.0
1727295932772,1.112875,0.0
1727296015706,1.1128,0.0
1727296022440,1.112805,0.0
1727296024777,1.1128,0.0
1727296027439,1.1128,0.0
1727296027923,1.11281,0.0
1727296028113,1.112805,0.0
1727296028329,1.112795,0.0
1727296028680,1.1128,0.0
1727296030566,1.112795,0.0
1727296030928,1.112795,0.0
1727296031077,1.1128,0.0
1727296031938,1.1128,0.0
1727296032080,1.112805,0.0
1727296033960,1.1128,0.0
1727296034952,1.112795,0.0
1727296035748,1.112805,0.0
1727296035869,1.1128,0.0
1727296038424,1.112805,0.0
1727296038691,1.112805,0.0
1727296042516,1.112805,0.0
1727296046208,1.1128,0.0
1727296046286,1.112805,0.0
1727296046756,1.1128,0.0
1727296048089,1.112805,0.0
1727296048377,1.1128,0.0
1727296052174,1.112785,0.0
1727296052774,1.11278,0.0
1727296054910,1.11277,0.0
1727296064725,1.112775,0.0
1727296065027,1.112775,0.0
1727296065141,1.11278,0.0
1727296066063,1.112775,0.0
1727296066233,1.11278,0.0
1727296067603,1.112775,0.0
1727296145957,1.112775,0.0
1727296148001,1.11277,0.0
1727296148344,1.11277,0.0
1727296148885,1.112775,0.0
1727296150885,1.11277,0.0
1727296153281,1.112745,0.0
1727296153523,1.11274,0.0
1727296153872,1.112745,0.0
1727296153997,1.11274,0.0
1727296154498,1.112745,0.0
1727296154751,1.11274,0.0
1727296154875,1.11276,0.0
1727296155285,1.11273,0.0
1727296155619,1.112725,0.0
1727296157685,1.1127,0.0
1727296159684,1.1127,0.0
1727296160564,1.112695,0.0
1727296160727,1.1127,0.0
1727296163640,1.112705,0.0
1727296165513,1.1127,0.0
1727296165719,1.112705,0.0
1727296166058,1.1127,0.0
1727296166229,1.1127,0.0
1727296167356,1.112705,0.0
1727296167521,1.112695,0.0
1727296167869,1.1127,0.0
1727296167969,1.112695,0.0
1727296168274,1.1127,0.0
1727296168587,1.112715,0.0
1727296168815,1.1127,0.0
1727296168950,1.112705,0.0
1727296169271,1.11272,0.0
1727296169598,1.11272,0.0
1727296170586,1.1127,0.0
1727296170845,1.1127,0.0
1727296171013,1.112705,0.0
1727296172548,1.1127,0.0
1727296174154,1.112715,0.0
1727296184900,1.11273,0.0
1727296185301,1.112725,0.0
1727296186047,1.112725,0.0
1727296186485,1.11273,0.0
1727296186854,1.11273,0.0
1727296188418,1.112735,0.0
1727296190074,1.11272,0.0
1727296190190,1.112715,0.0
1727296191094,1.11272,0.0
1727296270634,1.11275,0.0
1727296274090,1.112755,0.0
1727296276618,1.11275,0.0
1727296276910,1.112755,0.0
1727296284696,1.112755,0.0
1727296288054,1.11275,0.0
1727296293704,1.112755,0.0
1727296380196,1.11267,0.0
1727296392844,1.11268,0.0
1727296392957,1.112685,0.0
1727296394071,1.11269,0.0
1727296398224,1.112685,0.0
1727296402234,1.11269,0.0
1727296402695,1.112685,0.0
1727296404959,1.11268,0.0
1727296405165,1.112685,0.0
1727296405898,1.11268,0.0
1727296407125,1.11269,0.0
1727296407870,1.11268,0.0
1727296408535,1.112685,0.0
1727296409055,1.11268,0.0
1727296409602,1.11268,0.0
1727296410055,1.112685,0.0
1727296410150,1.11268,0.0
1727296411222,1.11268,0.0
1727296411486,1.11268,0.0
1727296412567,1.112665,0.0
1727296412745,1.11266,0.0
1727296418015,1.11268,0.0
1727296418690,1.112675,0.0
1727296419711,1.11268,0.0
1727296430055,1.112675,0.0
1727296433935,1.11268,0.0
1727296434001,1.11266,0.0
1727296503937,1.11263,0.0
1727296504068,1.112615,0.0
1727296515989,1.1126,0.0
1727296520339,1.112605,0.0
1727296539343,1.1126,0.0
1727296546938,1.11262,0.0
1727296548213,1.1126,0.0
1727296552885,1.112615,0.0
1727296617999,1.1126,0.0
1727296633460,1.112605,0.0
1727296649180,1.1126,0.0
1727296651778,1.112605,0.0
1727296652977,1.1126,0.0
1727296672175,1.11264,0.0
1727296673237,1.112635,0.0
1727296749126,1.112765,0.0
1727296749717,1.112775,0.0
1727296750255,1.11278,0.0
1727296750432,1.112785,0.0
1727296752699,1.11278,0.0
1727296753025,1.11277,0.0
1727296754058,1.112765,0.0
1727296757236,1.112765,0.0
1727296757411,1.11276,0.0
1727296757740,1.11278,0.0
1727296757896,1.112775,0.0
1727296765480,1.112755,0.0
1727296765594,1.11276,0.0
1727296774496,1.11273,0.0
1727296783268,1.112725,0.0
1727296796160,1.112725,0.0
1727296797815,1.11272,0.0
1727296879497,1.11281,0.0
1727296879813,1.11281,0.0
1727296881214,1.112825,0.0
1727296881752,1.11283,0.0
1727296883660,1.11283,0.0
1727296892698,1.112825,0.0
1727296902133,1.11283,0.0
1727296906689,1.112825,0.0
1727296982036,1.112985,0.0
1727296982166,1.11298,0.0
1727296985481,1.112985,0.0
1727296986052,1.11298,0.0
1727296986563,1.112985,0.0
1727296987090,1.11298,0.0
1727296987272,1.112985,0.0
1727296988093,1.11298,0.0
1727296989287,1.112985,0.0
1727296990192,1.11298,0.0
1727296991055,1.112985,0.0
1727296991259,1.112985,0.0
1727296994276,1.11298,0.0
1727297004340,1.11302,0.0
1727297004340,1.11302,0.0
1727297009999,1.113015,0.0
1727297010428,1.11302,0.0
1727297010696,1.113015,0.0
1727297011084,1.11301,0.0
1727297020573,1.113005,0.0
1727297022164,1.11299,0.0
1727297022602,1.113015,0.0
1727297022846,1.11301,0.0
1727297023057,1.113005,0.0
1727297023265,1.113005,0.0
1727297023784,1.11301,0.0
1727297023973,1.113,0.0
1727297024326,1.113,0.0
1727297031859,1.113005,0.0
1727297031921,1.113,0.0
1727297032755,1.113005,0.0
1727297034434,1.113,0.0
1727297034971,1.113005,0.0
1727297036472,1.113,0.0
1727297038564,1.113,0.0
1727297104238,1.113,0.0
1727297104994,1.113,0.0
1727297107953,1.11301,0.0
1727297108703,1.113,0.0
1727297110057,1.112995,0.0
1727297116245,1.113005,0.0
1727297116999,1.112995,0.0
1727297123503,1.113,0.0
1727297126249,1.113,0.0
1727297126055,1.113005,0.0
1727297131054,1.113005,0.0
1727297131102,1.113025,0.0
1727297136374,1.11303,0.0
1727297146641,1.113015,0.0
1727297146768,1.11302,0.0
1727297150569,1.113015,0.0
1727297158061,1.11303,0.0
1727297159431,1.11304,0.0
1727297160104,1.113035,0.0
1727297161284,1.11304,0.0
1727297162478,1.113025,0.0
1727297162536,1.11303,0.0
1727297247963,1.11299,0.0
1727297248469,1.11301,0.0
1727297248523,1.11302,0.0
1727297250097,1.113025,0.0
1727297253873,1.11307,0.0
1727297264169,1.11306,0.0
1727297264336,1.113055,0.0
1727297269065,1.113085,0.0
1727297274785,1.11308,0.0
1727297281402,1.11307,0.0
1727297281695,1.113065,0.0
1727297281959,1.113105,0.0
1727297282014,1.1131,0.0
1727297346176,1.11309,0.0
1727297349242,1.113095,0.0
1727297351440,1.113095,0.0
1727297361416,1.113125,0.0
1727297362386,1.11312,0.0
1727297366619,1.11314,0.0
1727297368365,1.113135,0.0
1727297370562,1.11314,0.0
1727297373448,1.113135,0.0
1727297375427,1.113155,0.0
1727297376454,1.11316,0.0
1727297381062,1.11314,0.0
1727297381575,1.113135,0.0
1727297386720,1.11313,0.0
1727297388241,1.11314,0.0
1727297388296,1.113155,0.0
1727297399810,1.11315,0.0
1727297401566,1.113145,0.0
1727297401780,1.11315,0.0
1727297470052,1.113125,0.0
1727297474501,1.11313,0.0
1727297475966,1.113115,0.0
1727297476471,1.11312,0.0
1727297476716,1.113135,0.0
1727297478055,1.113155,0.0
1727297478214,1.113155,0.0
1727297478375,1.11316,0.0
1727297478614,1.113155,0.0
1727297481514,1.113155,0.0
1727297481804,1.11316,0.0
1727297501950,1.113165,0.0
1727297505517,1.113165,0.0
1727297506815,1.11317,0.0
1727297507302,1.11315,0.0
1727297508624,1.11316,0.0
1727297508691,1.11317,0.0
1727297509152,1.113165,0.0
1727297511176,1.11317,0.0
1727297512834,1.113165,0.0
1727297521163,1.11316,0.0
1727297521518,1.113165,0.0
1727297521793,1.11316,0.0
1727297522089,1.11316,0.0
1727297595026,1.11314,0.0
1727297596762,1.113145,0.0
1727297597487,1.113145,0.0
1727297597885,1.11314,0.0
1727297599127,1.113145,0.0
1727297600011,1.11314,0.0
1727297601567,1.113145,0.0
1727297602392,1.11314,0.0
1727297603072,1.113135,0.0
1727297606093,1.11314,0.0
1727297606390,1.113145,0.0
1727297629689,1.113165,0.0
1727297640126,1.11318,0.0
1727297640204,1.113175,0.0
1727297640640,1.11318,0.0
1727297642056,1.113175,0.0
1727297717587,1.113195,0.0
1727297717729,1.1132,0.0
1727297725263,1.1132,0.0
1727297729642,1.113195,0.0
1727297729694,1.1132,0.0
1727297733337,1.1132,0.0
1727297734143,1.11319,0.0
1727297734400,1.113195,0.0
1727297737872,1.1132,0.0
1727297738592,1.113195,0.0
1727297740514,1.1132,0.0
1727297747696,1.113195,0.0
1727297747753,1.1132,0.0
1727297749076,1.113195,0.0
1727297749631,1.1132,0.0
1727297750970,1.113195,0.0
1727297751070,1.1132,0.0
1727297751299,1.1132,0.0
1727297752649,1.113195,0.0
1727297753056,1.1132,0.0
1727297753459,1.113195,0.0
1727297754025,1.1132,0.0
1727297754565,1.1132,0.0
1727297754843,1.1132,0.0
1727297755399,1.113195,0.0
1727297755691,1.1132,0.0
1727297756246,1.113195,0.0
1727297756312,1.1132,0.0
1727297757177,1.113195,0.0
1727297757306,1.1132,0.0
1727297757716,1.113195,0.0
1727297757843,1.113195,0.0
1727297759718,1.11318,0.0
1727297759833,1.113165,0.0
1727297760182,1.11319,0.0
1727297760321,1.113205,0.0
1727297764931,1.11319,0.0
1727297765159,1.11319,0.0
1727297767972,1.113195,0.0
1727297768762,1.11319,0.0
1727297770331,1.113195,0.0
1727297771052,1.11319,0.0
1727297771052,1.11319,0.0
1727297794684,1.113185,0.0
1727297794955,1.11317,0.0
1727297795172,1.113195,0.0
1727297795358,1.1132,0.0
1727297802411,1.11322,0.0
1727297804413,1.11321,0.0
1727297810803,1.113205,0.0
1727297811777,1.1132,0.0
1727297812055,1.113205,0.0
1727297812216,1.1132,0.0
1727297812552,1.1132,0.0
1727297813445,1.113205,0.0
1727297814005,1.1132,0.0
1727297817830,1.113215,0.0
1727297818579,1.1132,0.0
1727297820407,1.11321,0.0
1727297821929,1.11322,0.0
1727297822364,1.1132,0.0
1727297822939,1.11321,0.0
1727297823693,1.1132,0.0
1727297824516,1.11321,0.0
1727297825169,1.113195,0.0
1727297828603,1.11319,0.0
1727297829572,1.11322,0.0
1727297837579,1.113235,0.0
1727297837945,1.11324,0.0
1727297840746,1.113225,0.0
1727297842210,1.11323,0.0
1727297855364,1.11323,0.0
1727297857339,1.113225,0.0
1727297857532,1.11323,0.0
1727297858294,1.11323,0.0
1727297863115,1.113245,0.0
1727297865056,1.11323,0.0
1727297865408,1.113225,0.0
1727297865564,1.11323,0.0
1727297866935,1.11323,0.0
1727297879948,1.113245,0.0
1727297883961,1.113235,0.0
1727297888222,1.11324,0.0
1727297903477,1.11329,0.0
1727297906192,1.113265,0.0
1727297906192,1.113265,0.0
1727297941063,1.11327,0.0
1727297941230,1.113275,0.0
1727297941548,1.11329,0.0
1727297943065,1.11327,0.0
1727297943254,1.1133,0.0
1727297945121,1.1133,0.0
1727297945121,1.1133,0.0
1727297945121,1.1133,0.0
1727297945121,1.1133,0.0
1727297945121,1.1133,0.0
1727297945121,1.1133,0.0
1727298295017,1.11334,0.0
1727298300169,1.113325,0.0
1727298300920,1.11333,0.0
1727298301268,1.11332,0.0
1727298301402,1.113335,0.0
1727298301665,1.113325,0.0
1727298308004,1.11332,0.0
1727298313312,1.113325,0.0
1727298328986,1.11333,0.0
1727298339722,1.113335,0.0
1727298361701,1.113305,0.0
1727298361701,1.113305,0.0
1727298396917,1.113325,0.0
1727298408659,1.11332,0.0
1727298408938,1.11332,0.0
1727298426130,1.113275,0.0
1727298431534,1.113225,0.0
1727298433762,1.113195,0.0
1727298433762,1.113195,0.0
1727298433762,1.113195,0.0
1727298511531,1.11319,0.0
1727298517933,1.11316,0.0
1727298519558,1.113145,0.0
1727298523239,1.11315,0.0
1727298527183,1.11314,0.0
1727298530240,1.113115,0.0
1727298542634,1.113105,0.0
1727298545017,1.11312,0.0
1727298561316,1.11315,0.0
1727298562775,1.113165,0.0
1727298565343,1.11314,0.0
1727298565407,1.11316,0.0
1727298570327,1.113175,0.0
1727298572104,1.11317,0.0
1727298574254,1.113225,0.0
1727298577951,1.11322,0.0
1727298581360,1.113275,0.0
1727298587463,1.113265,0.0
1727298587624,1.113265,0.0
1727298587816,1.113265,0.0
1727298588185,1.11328,0.0
1727298588387,1.11328,0.0
1727298600258,1.113255,0.0
1727298600429,1.11324,0.0
1727298600563,1.11322,0.0
1727298604643,1.113205,0.0
1727298629281,1.113195,0.0
1727298629281,1.113195,0.0
1727298643536,1.113185,0.0
1727298644189,1.11319,0.0
1727298647128,1.113195,0.0
1727298647592,1.113205,0.0
1727298675402,1.113285,0.0
1727298676200,1.11328,0.0
1727298680200,1.113285,0.0
1727298696266,1.113295,0.0
1727298705401,1.113215,0.0
1727298712771,1.113195,0.0
1727298733177,1.11319,0.0
1727298737488,1.11326,0.0
1727298740074,1.113285,0.0
1727298740514,1.11328,0.0
1727298747539,1.113285,0.0
1727298747539,1.113285,0.0
1727298766808,1.113275,0.0
1727298767055,1.113275,0.0
1727298767320,1.113285,0.0
1727298767639,1.113275,0.0
1727298767801,1.113285,0.0
1727298768046,1.113285,0.0
1727298770071,1.113275,0.0
1727298770197,1.11326,0.0
1727298781236,1.11325,0.0
1727298784205,1.113285,0.0
1727298791990,1.11329,0.0
1727298795758,1.1133,0.0
1727298796154,1.11329,0.0
1727298799278,1.113295,0.0
1727298801056,1.11326,0.0
1727298802583,1.113265,0.0
1727298803105,1.11326,0.0
1727298809139,1.113265,0.0
1727298809916,1.11326,0.0
1727298809916,1.11326,0.0
1727298839160,1.11328,0.0
1727298839314,1.11324,0.0
1727298840926,1.113235,0.0
1727298842695,1.11325,0.0
1727298850924,1.11327,0.0
1727298851093,1.11323,0.0
1727298851410,1.11326,0.0
1727298854438,1.11325,0.0
1727298855617,1.113265,0.0
1727298859242,1.113265,0.0
1727298864195,1.113245,0.0
1727298865070,1.113225,0.0
1727298865819,1.11325,0.0
1727298866253,1.113245,0.0
1727298868364,1.113245,0.0
1727298868845,1.113245,0.0
1727298869665,1.11328,0.0
1727298869144,1.11329,0.0
1727298870054,1.113295,0.0
1727298875980,1.113295,0.0
1727298877116,1.1133,0.0
1727298881184,1.113285,0.0
1727298882098,1.113285,0.0
1727298883025,1.113275,0.0
1727298887348,1.11329,0.0
1727298888359,1.11326,0.0
1727298893633,1.113265,0.0
1727298897542,1.113305,0.0
1727298898539,1.11327,0.0
1727298900165,1.11324,0.0
1727298901378,1.113295,0.0
1727298901479,1.113265,0.0
1727298902722,1.113275,0.0
1727298904594,1.113285,0.0
1727298907066,1.113295,0.0
1727298910194,1.113265,0.0
1727298915199,1.11327,0.0
1727298918424,1.113275,0.0
1727298921403,1.11327,0.0
1727298921717,1.11328,0.0
1727298923552,1.11323,0.0
1727298930204,1.113215,0.0
1727298931466,1.113225,0.0
1727298931519,1.113205,0.0
1727298933139,1.11322,0.0
1727298934945,1.11322,0.0
1727298937357,1.11322,0.0
1727298938209,1.113225,0.0
1727298938417,1.113225,0.0
1727298939735,1.11323,0.0
1727298946510,1.113225,0.0
1727298946584,1.113215,0.0
1727298947933,1.11322,0.0
1727298948879,1.113215,0.0
1727298951710,1.113235,0.0
1727298952699,1.11322,0.0
1727298954533,1.11322,0.0
1727298954585,1.113215,0.0
1727298955374,1.11322,0.0
1727298957618,1.113225,0.0
1727298962217,1.11323,0.0
1727298962749,1.113225,0.0
1727298964844,1.11323,0.0
1727298965684,1.113225,0.0
1727298966999,1.113245,0.0
1727298968064,1.113245,0.0
1727298968558,1.113235,0.0
1727298968614,1.11324,0.0
1727298970015,1.113235,0.0
1727298972203,1.11323,0.0
1727298974694,1.11323,0.0
1727298977370,1.11325,0.0
1727298978363,1.11323,0.0
1727298978424,1.113235,0.0
1727298982616,1.113255,0.0
1727298984073,1.11324,0.0
1727298987657,1.11326,0.0
1727298988653,1.11324,0.0
1727298992914,1.11326,0.0
1727298993906,1.113245,0.0
1727298998158,1.11326,0.0
1727299000092,1.113245,0.0
1727299003283,1.113255,0.0
1727299004279,1.11324,0.0
1727299008552,1.113255,0.0
1727299009560,1.11324,0.0
1727299014535,1.113245,0.0
1727299018521,1.113245,0.0
1727299021056,1.11327,0.0
1727299038012,1.113265,0.0
1727299040932,1.11327,0.0
1727299046361,1.113245,0.0
1727299084673,1.11325,0.0
1727299089792,1.113255,0.0
1727299111357,1.11318,0.0
1727299118202,1.11317,0.0
1727299120118,1.113175,0.0
1727299123005,1.113135,0.0
1727299124411,1.11314,0.0
1727299125395,1.11315,0.0
1727299126629,1.113155,0.0
1727299126805,1.113145,0.0
1727299128036,1.11314,0.0
1727299130095,1.113125,0.0
1727299132269,1.113135,0.0
1727299133314,1.1131,0.0
1727299135454,1.11311,0.0
1727299138459,1.113085,0.0
1727299138561,1.113115,0.0
1727299140055,1.113145,0.0
1727299142711,1.113145,0.0
1727299144587,1.113115,0.0
1727299145810,1.113105,0.0
1727299146122,1.113085,0.0
1727299146381,1.11308,0.0
1727299148679,1.113115,0.0
1727299150721,1.11311,0.0
1727299153445,1.113145,0.0
1727299163367,1.11315,0.0
1727299169500,1.113135,0.0
1727299184944,1.11313,0.0
1727299201811,1.113135,0.0
1727299206736,1.11312,0.0
1727299216465,1.113135,0.0
1727299221759,1.11313,0.0
1727299223667,1.113135,0.0
1727299233975,1.113125,0.0
1727299234497,1.11313,0.0
1727299243463,1.113125,0.0
1727299247781,1.11313,0.0
1727299249888,1.113135,0.0
1727299256015,1.11315,0.0
1727299257283,1.113145,0.0
1727299257283,1.113145,0.0
1727299292628,1.11314,0.0
1727299302887,1.11315,0.0
1727299319208,1.11316,0.0
1727299320944,1.11315,0.0
1727299349821,1.11314,0.0
1727299352911,1.113145,0.0
1727299354356,1.11315,0.0
1727299361512,1.113145,0.0
1727299362494,1.11315,0.0
1727299369577,1.113115,0.0
1727299374759,1.11311,0.0
1727299380060,1.113145,0.0
1727299384481,1.113135,0.0
1727299392820,1.113145,0.0
1727299395755,1.11314,0.0
1727299395907,1.113135,0.0
1727299398211,1.113145,0.0
1727299404658,1.11314,0.0
1727299405030,1.113145,0.0
1727299405030,1.113145,0.0
1727299431309,1.11316,0.0
1727299431427,1.11316,0.0
1727299470121,1.113155,0.0
1727299470202,1.11316,0.0
1727299472468,1.1132,0.0
1727299475034,1.1132,0.0
1727299475570,1.113205,0.0
1727299479553,1.11323,0.0
1727299482243,1.113235,0.0
1727299489250,1.11323,0.0
1727299489479,1.11316,0.0
1727299489580,1.113165,0.0
1727299491247,1.113175,0.0
1727299492491,1.11317,0.0
1727299495087,1.113175,0.0
1727299505928,1.113175,0.0
1727299515398,1.11318,0.0
1727299516038,1.11316,0.0
1727299521689,1.113165,0.0
1727299542391,1.11317,0.0
1727299547687,1.11317,0.0
1727299564509,1.11318,0.0
1727299572145,1.113175,0.0
1727299579803,1.11318,0.0
1727299579803,1.11318,0.0
1727299620592,1.11317,0.0
1727299652949,1.113165,0.0
1727299657906,1.11317,0.0
1727299657906,1.11317,0.0
1727299678674,1.113165,0.0
1727299686502,1.11317,0.0
1727299722124,1.113165,0.0
1727299725021,1.11317,0.0
1727299733566,1.11318,0.0
1727299740538,1.11317,0.0
1727299762137,1.11318,0.0
1727299770678,1.113165,0.0
1727299771236,1.113175,0.0
1727299787550,1.113165,0.0
1727299790734,1.11317,0.0
1727299805471,1.113165,0.0
1727299817538,1.113175,0.0
1727299817538,1.113175,0.0
1727299884633,1.11316,0.0
1727299900309,1.113165,0.0
1727299910397,1.11316,0.0
1727299933536,1.113165,0.0
1727299952893,1.11316,0.0
1727299961026,1.113165,0.0
1727299989528,1.113175,0.0
1727300000301,1.11317,0.0
1727300012898,1.113155,0.0
1727300020735,1.113145,0.0
1727300033684,1.113155,0.0
1727300040080,1.113165,0.0
1727300040391,1.113175,0.0
1727300052165,1.11315,0.0
1727300065077,1.113175,0.0
1727300070355,1.11317,0.0
1727300072905,1.11316,0.0
1727300074914,1.113155,0.0
1727300084247,1.113165,0.0
1727300093136,1.11316,0.0
1727300094679,1.11317,0.0
1727300096852,1.11316,0.0
1727300109521,1.11316,0.0
1727300117407,1.113155,0.0
1727300121716,1.11316,0.0
1727300128987,1.113145,0.0
1727300132856,1.113165,0.0
1727300147701,1.113155,0.0
1727300160462,1.113145,0.0
1727300170474,1.11316,0.0
1727300171208,1.113155,0.0
1727300175728,1.113155,0.0
1727300175909,1.113145,0.0
1727300178259,1.11315,0.0
1727300178325,1.11316,0.0
1727300185778,1.11317,0.0
1727300185778,1.11317,0.0
1727300200429,1.113155,0.0
1727300200632,1.11317,0.0
1727300218644,1.113155,0.0
1727300221126,1.11315,0.0
1727300223419,1.11316,0.0
1727300260998,1.11315,0.0
1727300275098,1.11314,0.0
1727300280055,1.11315,0.0
1727300286389,1.113155,0.0
1727300286582,1.11315,0.0
1727300286691,1.113155,0.0
1727300286983,1.11315,0.0
1727300289143,1.113155,0.0
1727300312898,1.113165,0.0
1727300313021,1.113155,0.0
1727300316269,1.113165,0.0
1727300316269,1.113165,0.0
1727300343021,1.11316,0.0
1727300343782,1.113165,0.0
1727300345470,1.113155,0.0
1727300345694,1.113145,0.0
1727300347128,1.11314,0.0
1727300347718,1.11315,0.0
1727300347983,1.11314,0.0
1727300359225,1.11315,0.0
1727300366478,1.113165,0.0
1727300380645,1.11315,0.0
1727300380645,1.11315,0.0
1727300400007,1.11315,0.0
1727300405333,1.113155,0.0
1727300407132,1.11318,0.0
1727300407663,1.113185,0.0
1727300413779,1.113185,0.0
1727300415529,1.113185,0.0
1727300420375,1.11318,0.0
1727300426865,1.113185,0.0
1727300427862,1.11318,0.0
1727300440443,1.11317,0.0
1727300448273,1.113175,0.0
1727300455569,1.11328,0.0
1727300458800,1.113295,0.0
1727300459921,1.1133,0.0
1727300468851,1.113305,0.0
1727300471562,1.113305,0.0
1727300474901,1.113295,0.0
1727300476046,1.11329,0.0
1727300477092,1.113285,0.0
1727300483290,1.11327,0.0
1727300488600,1.113275,0.0
1727300500349,1.11328,0.0
1727300501089,1.11329,0.0
1727300503339,1.11329,0.0
1727300506570,1.11328,0.0
1727300516089,1.11326,0.0
1727300518345,1.11325,0.0
1727300524278,1.11327,0.0
1727300524428,1.113255,0.0
1727300526998,1.113255,0.0
1727300527803,1.113255,0.0
1727300528286,1.113255,0.0
1727300549477,1.113265,0.0
1727300552925,1.113255,0.0
1727300561653,1.113255,0.0
1727300572692,1.11326,0.0
1727300573560,1.11326,0.0
1727300578247,1.11326,0.0
1727300580482,1.11327,0.0
1727300581186,1.113255,0.0
1727300586740,1.113275,0.0
1727300587526,1.11327,0.0
1727300587756,1.113265,0.0
1727300588106,1.113275,0.0
1727300588955,1.11327,0.0
1727300589109,1.113265,0.0
1727300590527,1.113265,0.0
1727300590608,1.11326,0.0
1727300591556,1.11325,0.0
1727300596138,1.113295,0.0
1727300612915,1.11331,0.0
1727300618445,1.1133,0.0
1727300618814,1.113325,0.0
1727300631735,1.11333,0.0
1727300631996,1.113335,0.0
1727300635674,1.113315,0.0
1727300640626,1.113335,0.0
1727300642055,1.11331,0.0
1727300650070,1.113325,0.0
1727300662690,1.11333,0.0
1727300667916,1.113325,0.0
1727300675033,1.113305,0.0
1727300679025,1.1133,0.0
1727300681535,1.113305,0.0
1727300690486,1.11328,0.0
1727300700178,1.113295,0.0
1727300714283,1.11329,0.0
1727300718152,1.11331,0.0
1727300724285,1.113315,0.0
1727300725206,1.113325,0.0
1727300726338,1.1133,0.0
1727300728137,1.113315,0.0
1727300728920,1.1133,0.0
1727300730719,1.113335,0.0
1727300760003,1.11334,0.0
1727300764819,1.113345,0.0
1727300765037,1.113345,0.0
1727300765154,1.113325,0.0
1727300766585,1.113315,0.0
1727300768053,1.113335,0.0
1727300770277,1.113335,0.0
1727300780111,1.11335,0.0
1727300785809,1.11336,0.0
1727300787529,1.113365,0.0
1727300788306,1.11335,0.0
1727300788608,1.113375,0.0
1727300793912,1.113395,0.0
1727300794901,1.1134,0.0
1727300799025,1.113405,0.0
1727300804791,1.1134,0.0
1727300806506,1.113405,0.0
1727300812359,1.113375,0.0
1727300815811,1.113395,0.0
1727300821406,1.1134,0.0
1727300824521,1.11337,0.0
1727300824721,1.11337,0.0
1727300827145,1.11338,0.0
1727300828079,1.113355,0.0
1727300828591,1.11338,0.0
1727300828775,1.11336,0.0
1727300830778,1.113365,0.0
1727300833400,1.113355,0.0
1727300835660,1.113355,0.0
1727300837114,1.113365,0.0
1727300845876,1.113365,0.0
1727300848760,1.113365,0.0
1727300860228,1.11339,0.0
1727300863197,1.11336,0.0
1727300864544,1.113365,0.0
1727300865068,1.113365,0.0
1727300866637,1.113365,0.0
1727300867067,1.11339,0.0
1727300867353,1.11337,0.0
1727300867524,1.113365,0.0
1727300877645,1.1134,0.0
1727300877729,1.113395,0.0
1727300878592,1.113375,0.0
1727300878733,1.11336,0.0
1727300890729,1.113355,0.0
1727300890972,1.113365,0.0
1727300891393,1.113365,0.0
1727300891445,1.11335,0.0
1727300894656,1.113355,0.0
1727300897019,1.11336,0.0
1727300899171,1.113355,0.0
1727300899171,1.113355,0.0
1727300915882,1.113375,0.0
1727300918895,1.11336,0.0
1727300919090,1.113355,0.0
1727300919566,1.11335,0.0
1727300920063,1.113355,0.0
1727300924170,1.113385,0.0
1727300924378,1.11337,0.0
1727300930652,1.113385,0.0
1727300934738,1.11338,0.0
1727300939826,1.113385,0.0
1727300944908,1.11336,0.0
1727300949434,1.113385,0.0
1727300949434,1.113385,0.0
1727300988434,1.11336,0.0
1727300988723,1.113385,0.0
1727300988966,1.11337,0.0
1727300990479,1.113385,0.0
1727300992744,1.11338,0.0
1727300996354,1.113385,0.0
1727300996991,1.11339,0.0
1727301000387,1.11338,0.0
1727301006243,1.113385,0.0
1727301006332,1.11339,0.0
1727301006888,1.113395,0.0
1727301016269,1.11337,0.0
1727301027834,1.113365,0.0
1727301030020,1.11337,0.0
1727301030521,1.113365,0.0
1727301035032,1.11337,0.0
1727301039346,1.11338,0.0
1727301043323,1.11337,0.0
1727301057296,1.11338,0.0
1727301060200,1.113375,0.0
1727301061412,1.11338,0.0
1727301062893,1.113375,0.0
1727301077853,1.113375,0.0
1727301084181,1.11338,0.0
1727301088007,1.113395,0.0
1727301088060,1.1134,0.0
1727301090536,1.113405,0.0
1727301091487,1.11337,0.0
1727301094510,1.11334,0.0
1727301094719,1.113345,0.0
1727301104649,1.113355,0.0
1727301107984,1.11336,0.0
1727301119513,1.113355,0.0
1727301120062,1.11334,0.0
1727301123476,1.113355,0.0
1727301125366,1.11334,0.0
1727301127127,1.113355,0.0
1727301129593,1.113375,0.0
1727301140390,1.11336,0.0
1727301140466,1.11335,0.0
1727301152897,1.113355,0.0
1727301154884,1.11334,0.0
1727301155646,1.113365,0.0
1727301161404,1.11336,0.0
1727301161662,1.113355,0.0
1727301163167,1.11337,0.0
1727301163167,1.11337,0.0
1727301176745,1.113355,0.0
1727301176841,1.113335,0.0
1727301177244,1.11334,0.0
1727301177316,1.113355,0.0
1727301177717,1.113395,0.0
1727301183482,1.113405,0.0
1727301192266,1.1134,0.0
1727301192330,1.113395,0.0
1727301204106,1.113385,0.0
1727301207599,1.11339,0.0
1727301207782,1.11338,0.0
1727301210131,1.113395,0.0
1727301210625,1.113385,0.0
1727301211113,1.11338,0.0
1727301215368,1.11337,0.0
1727301221131,1.113375,0.0
1727301225625,1.11336,0.0
1727301226766,1.11337,0.0
1727301226889,1.113375,0.0
1727301228340,1.113375,0.0
1727301230043,1.113385,0.0
1727301230043,1.113385,0.0
1727301287536,1.11339,0.0
1727301287752,1.113385,0.0
1727301287752,1.113385,0.0
1727301317363,1.11339,0.0
1727301332213,1.11338,0.0
1727301332563,1.11339,0.0
1727301343388,1.113395,0.0
1727301347421,1.113385,0.0
1727301347421,1.113385,0.0
1727301382122,1.113395,0.0
1727301383344,1.113395,0.0
1727301390606,1.113395,0.0
1727301393719,1.1134,0.0
1727301395715,1.11339,0.0
1727301395715,1.11339,0.0
1727301395715,1.11339,0.0
1727301500238,1.113395,0.0
1727301501968,1.11339,0.0
1727301505724,1.113395,0.0
1727301506068,1.113385,0.0
1727301509700,1.113385,0.0
1727301513551,1.11339,0.0
1727301513797,1.113385,0.0
1727301515559,1.113395,0.0
1727301521862,1.113385,0.0
1727301522261,1.113385,0.0
1727301525404,1.113375,0.0
1727301527790,1.11338,0.0
1727301533664,1.11337,0.0
1727301533864,1.113375,0.0
1727301538594,1.11338,0.0
1727301544819,1.113375,0.0
1727301560191,1.11338,0.0
1727301562868,1.113375,0.0
1727301583351,1.113355,0.0
1727301585829,1.113365,0.0
1727301588914,1.11336,0.0
1727301589694,1.113365,0.0
1727301590390,1.11336,0.0
1727301592146,1.113365,0.0
1727301592280,1.11336,0.0
1727301593645,1.113365,0.0
1727301599260,1.11336,0.0
1727301600216,1.113275,0.0
1727301600485,1.11327,0.0
1727301600588,1.113265,0.0
1727301600859,1.11328,0.0
1727301601264,1.113255,0.0
1727301601477,1.113285,0.0
1727301601736,1.113285,0.0
1727301601789,1.11328,0.0
1727301602203,1.11323,0.0
1727301602641,1.11331,0.0
1727301602972,1.113315,0.0
1727301603522,1.113305,0.0
1727301604328,1.11329,0.0
1727301604625,1.11329,0.0
1727301605164,1.113265,0.0
1727301605965,1.11327,0.0
1727301606156,1.11327,0.0
1727301606645,1.11332,0.0
1727301607156,1.11333,0.0
1727301607757,1.113325,0.0
1727301608481,1.113325,0.0
1727301609491,1.113325,0.0
1727301611222,1.11332,0.0
1727301611960,1.113255,0.0
1727301612052,1.11326,0.0
1727301614844,1.113255,0.0
1727301615561,1.11323,0.0
1727301617012,1.113235,0.0
1727301617232,1.11322,0.0
1727301618053,1.113215,0.0
1727301619295,1.11323,0.0
1727301621296,1.11322,0.0
1727301626420,1.11322,0.0
1727301636746,1.11321,0.0
1727301636992,1.113195,0.0
1727301642307,1.11319,0.0
1727301647122,1.113175,0.0
1727301650297,1.113165,0.0
1727301650486,1.113165,0.0
1727301653287,1.11316,0.0
1727301656320,1.113145,0.0
1727301660670,1.11314,0.0
1727301662202,1.11315,0.0
1727301662425,1.113145,0.0
1727301667798,1.11314,0.0
1727301668780,1.11314,0.0
1727301674984,1.11311,0.0
1727301675608,1.1131,0.0
1727301675883,1.113115,0.0
1727301677623,1.11308,0.0
1727301678054,1.113085,0.0
1727301685056,1.11309,0.0
1727301689036,1.113095,0.0
1727301695270,1.11312,0.0
1727301695506,1.1131,0.0
1727301696063,1.11309,0.0
1727301696538,1.11311,0.0
1727301696592,1.11312,0.0
1727301709118,1.113135,0.0
1727301710055,1.113125,0.0
1727301710569,1.11311,0.0
1727301710783,1.11313,0.0
1727301716722,1.113115,0.0
1727301717317,1.11314,0.0
1727301720072,1.113095,0.0
1727301720224,1.1131,0.0
1727301720376,1.113105,0.0
1727301721053,1.1131,0.0
1727301721454,1.113105,0.0
1727301721913,1.113125,0.0
1727301722220,1.11314,0.0
1727301722480,1.11312,0.0
1727301722815,1.11312,0.0
1727301724001,1.113115,0.0
1727301724548,1.11312,0.0
1727301726211,1.113115,0.0
1727301731051,1.113095,0.0
1727301730824,1.1131,0.0
1727301737420,1.113115,0.0
1727301738119,1.113115,0.0
1727301748535,1.11312,0.0
1727301748322,1.113115,0.0
1727301756889,1.11312,0.0
1727301780067,1.11312,0.0
1727301785052,1.11312,0.0
1727301797402,1.11312,0.0
1727301809894,1.113085,0.0
1727301810170,1.11309,0.0
1727301810370,1.11314,0.0
1727301814808,1.113135,0.0
1727301816569,1.11314,0.0
1727301822055,1.113145,0.0
1727301825328,1.11314,0.0
1727301828137,1.113145,0.0
1727301850232,1.11315,0.0
1727301865124,1.11316,0.0
1727301867110,1.11315,0.0
1727301867447,1.11316,0.0
1727301867852,1.113155,0.0
1727301868083,1.11316,0.0
1727301868875,1.11317,0.0
1727301869442,1.113165,0.0
1727301872056,1.11317,0.0
1727301873132,1.113175,0.0
1727301883799,1.113165,0.0
1727301890841,1.113165,0.0
1727301891376,1.11322,0.0
1727301891986,1.113215,0.0
1727301893342,1.11321,0.0
1727301894985,1.113215,0.0
1727301896281,1.11321,0.0
1727301900350,1.11322,0.0
1727301900926,1.113215,0.0
1727301901393,1.113215,0.0
1727301901558,1.113205,0.0
1727301901694,1.113215,0.0
1727301901999,1.11321,0.0
1727301903869,1.1132,0.0
1727301904930,1.11321,0.0
1727301907088,1.11322,0.0
1727301908512,1.113215,0.0
1727301912186,1.11322,0.0
1727301914350,1.11324,0.0
1727301920194,1.11323,0.0
1727301925821,1.113225,0.0
1727301930416,1.11322,0.0
1727301930484,1.113215,0.0
1727301931053,1.11322,0.0
1727301931275,1.11321,0.0
1727301934845,1.11322,0.0
1727301935490,1.11322,0.0
1727301936499,1.113205,0.0
1727301937061,1.1132,0.0
1727301937568,1.113225,0.0
1727301938069,1.11323,0.0
1727301938510,1.113225,0.0
1727301946459,1.113215,0.0
1727301951069,1.11322,0.0
1727301953697,1.113215,0.0
1727301959171,1.11321,0.0
1727301988127,1.1132,0.0
1727301989107,1.1132,0.0
1727302000250,1.113205,0.0
1727302002060,1.11321,0.0
1727302002060,1.11321,0.0
1727302018054,1.113215,0.0
1727302024056,1.11321,0.0
1727302027819,1.113215,0.0
1727302029057,1.11321,0.0
1727302047984,1.11322,0.0
1727302049134,1.11322,0.0
1727302051059,1.113235,0.0
1727302052056,1.113225,0.0
1727302053982,1.113225,0.0
1727302054353,1.113225,0.0
1727302068115,1.113205,0.0
1727302074295,1.1132,0.0
1727302075056,1.113205,0.0
1727302082277,1.113205,0.0
1727302083100,1.11321,0.0
1727302090290,1.113215,0.0
1727302093413,1.113205,0.0
1727302098067,1.11321,0.0
1727302102445,1.113225,0.0
1727302102558,1.113225,0.0
1727302103779,1.11322,0.0
1727302104052,1.113215,0.0
1727302115735,1.11322,0.0
1727302131412,1.113205,0.0
1727302132236,1.113215,0.0
1727302145054,1.11321,0.0
1727302155051,1.113205,0.0
1727302155853,1.11321,0.0
1727302168053,1.11318,0.0
1727302168251,1.113195,0.0
1727302169059,1.1132,0.0
1727302184811,1.11321,0.0
1727302186920,1.11316,0.0
1727302187098,1.11316,0.0
1727302187409,1.11321,0.0
1727302187622,1.11321,0.0
1727302187831,1.11321,0.0
1727302188068,1.11321,0.0
1727302200055,1.1132,0.0
1727302201055,1.113205,0.0
1727302202055,1.1132,0.0
1727302212053,1.1132,0.0
1727302216054,1.113215,0.0
1727302221817,1.11321,0.0
1727302232057,1.113205,0.0
1727302233059,1.11321,0.0
1727302242311,1.113215,0.0
1727302260053,1.113205,0.0
1727302266896,1.113205,0.0
1727302267177,1.113215,0.0
1727302268058,1.113215,0.0
1727302268058,1.113215,0.0
1727302279057,1.11323,0.0
1727302279173,1.113235,0.0
1727302293175,1.113235,0.0
1727302294062,1.11324,0.0
1727302295257,1.11324,0.0
1727302296067,1.113245,0.0
1727302296253,1.113245,0.0
1727302297109,1.11322,0.0
1727302297213,1.113225,0.0
1727302325076,1.11322,0.0
1727302335063,1.113225,0.0
1727302335063,1.113225,0.0
1727302346056,1.11322,0.0
1727302347063,1.113225,0.0
1727302361052,1.11322,0.0
1727302366501,1.11322,0.0
1727302366760,1.11322,0.0
1727302367009,1.11322,0.0
1727302367305,1.11318,0.0
1727302367536,1.11318,0.0
1727302367587,1.11322,0.0
1727302380223,1.113185,0.0
1727302380363,1.1132,0.0
1727302380881,1.113215,0.0
1727302382054,1.11322,0.0
1727302382054,1.11322,0.0
1727302428180,1.113215,0.0
1727302437066,1.113215,0.0
1727302449065,1.113215,0.0
1727302463059,1.113215,0.0
1727302463059,1.113215,0.0
1727302479072,1.113215,0.0
1727302481415,1.11322,0.0
1727302481586,1.113215,0.0
1727302488984,1.113215,0.0
1727302500107,1.11322,0.0
1727302504266,1.11316,0.0
1727302506532,1.11318,0.0
1727302506593,1.113195,0.0
1727302507105,1.1132,0.0
1727302517257,1.113205,0.0
1727302517257,1.113205,0.0
1727302538539,1.11319,0.0
1727302546132,1.113205,0.0
1727302552615,1.113195,0.0
1727302553071,1.1132,0.0
1727302558198,1.113205,0.0
1727302563058,1.1132,0.0
1727302565828,1.113205,0.0
1727302567899,1.1132,0.0
1727302580322,1.113205,0.0
1727302581531,1.1132,0.0
1727302582015,1.113205,0.0
1727302583251,1.1132,0.0
1727302584787,1.113215,0.0
1727302585052,1.113195,0.0
1727302585289,1.11319,0.0
1727302587678,1.113205,0.0
1727302587741,1.1132,0.0
1727302589799,1.113185,0.0
1727302590058,1.11318,0.0
1727302593896,1.1132,0.0
1727302593896,1.1132,0.0
1727302611290,1.113195,0.0
1727302612287,1.1132,0.0
1727302616558,1.113195,0.0
1727302621529,1.1132,0.0
1727302630020,1.113205,0.0
1727302630232,1.1132,0.0
1727302631722,1.113205,0.0
1727302631802,1.1132,0.0
1727302631802,1.1132,0.0
1727302671668,1.1132,0.0
1727302672380,1.113205,0.0
1727302683180,1.113205,0.0
1727302689228,1.1132,0.0
1727302709745,1.113215,0.0
1727302732374,1.1132,0.0
1727302734770,1.11321,0.0
1727302734770,1.11321,0.0
1727302799273,1.11322,0.0
1727302799388,1.113215,0.0
1727302819255,1.11322,0.0
1727302826596,1.113215,0.0
1727302832900,1.11322,0.0
1727302835068,1.113215,0.0
1727302836053,1.11322,0.0
1727302843043,1.113205,0.0
1727302843513,1.1132,0.0
1727302850580,1.113195,0.0
1727302851072,1.1132,0.0
1727302851072,1.1132,0.0
1727302867374,1.11321,0.0
1727302926501,1.113185,0.0
1727302939376,1.11319,0.0
1727302943003,1.113185,0.0
1727302955365,1.11319,0.0
1727302955525,1.113195,0.0
1727302963759,1.113175,0.0
1727302969032,1.11318,0.0
1727302970741,1.113175,0.0
1727302974729,1.11318,0.0
1727302980067,1.113175,0.0
1727302981916,1.11318,0.0
1727302984929,1.113175,0.0
1727302987310,1.11318,0.0
1727302989409,1.113175,0.0
1727302994677,1.11318,0.0
1727302997783,1.113175,0.0
1727302999623,1.11318,0.0
1727303002180,1.113185,0.0
1727303002721,1.11319,0.0
1727303007883,1.113195,0.0
1727303008395,1.11319,0.0
1727303011571,1.113185,0.0
1727303018400,1.11318,0.0
1727303038248,1.113185,0.0
1727303044226,1.11319,0.0
1727303044960,1.113185,0.0
1727303045165,1.11319,0.0
1727303046825,1.113185,0.0
1727303047221,1.11319,0.0
1727303047920,1.113185,0.0
1727303047920,1.113185,0.0
1727303084044,1.11319,0.0
1727303085713,1.113185,0.0
1727303089143,1.11319,0.0
1727303101054,1.113195,0.0
1727303121060,1.113205,0.0
1727303123713,1.11321,0.0
1727303123874,1.113205,0.0
1727303135503,1.11321,0.0
1727303137916,1.113205,0.0
1727303144115,1.11321,0.0
1727303146217,1.113205,0.0
1727303160278,1.11321,0.0
1727303161511,1.113205,0.0
1727303162423,1.11321,0.0
1727303167353,1.11319,0.0
1727303170099,1.113185,0.0
1727303173706,1.11319,0.0
1727303181001,1.113185,0.0
1727303187169,1.113185,0.0
1727303212949,1.11319,0.0
1727303215002,1.113195,0.0
1727303217468,1.11319,0.0
1727303220048,1.11319,0.0
1727303220164,1.11319,0.0
1727303221053,1.113195,0.0
1727303224812,1.11319,0.0
1727303228271,1.113195,0.0
1727303229204,1.11319,0.0
1727303233448,1.113195,0.0
1727303236562,1.11319,0.0
1727303237983,1.11319,0.0
1727303249121,1.113225,0.0
1727303254269,1.113195,0.0
1727303280259,1.1132,0.0
1727303284904,1.113215,0.0
1727303288502,1.11322,0.0
1727303298053,1.113205,0.0
1727303299063,1.1132,0.0
1727303299576,1.113205,0.0
1727303300087,1.1132,0.0
1727303303855,1.113195,0.0
1727303312314,1.1132,0.0
1727303312314,1.1132,0.0
1727303347969,1.113205,0.0
1727303350273,1.11321,0.0
1727303350273,1.11321,0.0
1727303388503,1.11321,0.0
1727303400870,1.113225,0.0
1727303400957,1.11322,0.0
1727303402422,1.113215,0.0
1727303404942,1.11322,0.0
1727303405457,1.113215,0.0
1727303409804,1.113215,0.0
1727303410749,1.11321,0.0
1727303430188,1.113225,0.0
1727303430346,1.11322,0.0
1727303431192,1.113255,0.0
1727303431401,1.11326,0.0
1727303432328,1.113265,0.0
1727303432328,1.113265,0.0
1727303449938,1.11326,0.0
1727303453136,1.113265,0.0
1727303459739,1.11326,0.0
1727303459790,1.113255,0.0
1727303486145,1.11323,0.0
1727303486370,1.113225,0.0
1727303490437,1.11322,0.0
1727303491995,1.113225,0.0
1727303500983,1.11322,0.0
1727303500983,1.11322,0.0
1727303517844,1.113225,0.0
1727303517993,1.11322,0.0
1727303520718,1.113215,0.0
1727303550058,1.11321,0.0
1727303553527,1.113215,0.0
1727303554239,1.11321,0.0
1727303568468,1.113215,0.0
1727303571406,1.11322,0.0
1727303572411,1.113225,0.0
1727303572411,1.113225,0.0
1727303581081,1.11322,0.0
1727303583322,1.113225,0.0
1727303590866,1.11322,0.0
1727303601881,1.113225,0.0
1727303602340,1.11322,0.0
1727303610115,1.11325,0.0
1727303616683,1.113235,0.0
1727303617062,1.11323,0.0
1727303617062,1.11323,0.0
1727303652521,1.113235,0.0
1727303653060,1.11323,0.0
1727303653181,1.113245,0.0
1727303660304,1.11325,0.0
1727303661226,1.113255,0.0
1727303661838,1.113265,0.0
1727303661891,1.113245,0.0
1727303663104,1.113245,0.0
1727303672014,1.113275,0.0
1727303678323,1.11326,0.0
1727303679437,1.113265,0.0
1727303689601,1.113255,0.0
1727303689732,1.11326,0.0
1727303693782,1.113265,0.0
1727303704130,1.11326,0.0
1727303721593,1.113255,0.0
1727303746307,1.11326,0.0
1727303756211,1.113255,0.0
1727303756823,1.113245,0.0
1727303761534,1.11324,0.0
1727303762055,1.113245,0.0
1727303762749,1.11324,0.0
1727303763514,1.113245,0.0
1727303763514,1.113245,0.0
1727303777634,1.113255,0.0
1727303779453,1.11325,0.0
1727303783152,1.113255,0.0
1727303783603,1.11325,0.0
1727303784466,1.113255,0.0
1727303784821,1.11325,0.0
1727303787095,1.113255,0.0
1727303787312,1.11325,0.0
1727303787675,1.113255,0.0
1727303793201,1.11326,0.0
1727303795832,1.113255,0.0
1727303795977,1.11326,0.0
1727303801129,1.113255,0.0
1727303808239,1.11326,0.0
1727303808552,1.11326,0.0
1727303817450,1.11326,0.0
1727303817534,1.113255,0.0
1727303818837,1.11326,0.0
1727303821284,1.113255,0.0
1727303823169,1.11326,0.0
1727303838040,1.11326,0.0
1727303840760,1.113265,0.0
1727303841153,1.11326,0.0
1727303846757,1.113265,0.0
1727303866086,1.11326,0.0
1727303866817,1.113265,0.0
1727303881133,1.11326,0.0
1727303881459,1.113265,0.0
1727303887601,1.113265,0.0
1727303887860,1.11326,0.0
1727303893598,1.113265,0.0
1727303897323,1.11326,0.0
1727303901897,1.11326,0.0
1727303907163,1.113265,0.0
1727303909164,1.113265,0.0
1727303910781,1.11326,0.0
1727303911099,1.113255,0.0
1727303911326,1.113255,0.0
1727303911484,1.11326,0.0
1727303916406,1.113255,0.0
1727303919424,1.11326,0.0
1727303921688,1.113255,0.0
1727303926128,1.113255,0.0
1727303952156,1.11326,0.0
1727303954975,1.113255,0.0
1727303958247,1.11326,0.0
1727303958671,1.113255,0.0
1727303958908,1.113255,0.0
1727303961877,1.11326,0.0
1727303962423,1.11326,0.0
1727303962580,1.113255,0.0
1727303963014,1.11326,0.0
1727303966859,1.11326,0.0
1727303971501,1.113255,0.0
1727303975632,1.113255,0.0
1727303978596,1.11326,0.0
1727303979197,1.113255,0.0
1727303980727,1.113275,0.0
1727303989772,1.113275,0.0
1727303994229,1.1133,0.0
1727304008745,1.113305,0.0
1727304014829,1.113325,0.0
1727304014879,1.113315,0.0
1727304014879,1.113315,0.0
1727304055821,1.113255,0.0
1727304057469,1.11325,0.0
1727304057092,1.11325,0.0
1727304057177,1.113255,0.0
1727304057898,1.11325,0.0
1727304058351,1.11325,0.0
1727304062055,1.11323,0.0
1727304062347,1.113235,0.0
1727304062568,1.113225,0.0
1727304080560,1.11323,0.0
1727304080560,1.11323,0.0
1727304110446,1.11324,0.0
1727304111730,1.113235,0.0
1727304112812,1.11324,0.0
1727304114512,1.113235,0.0
1727304115143,1.11324,0.0
1727304115718,1.113235,0.0
1727304120872,1.11325,0.0
1727304121065,1.113255,0.0
1727304124047,1.11324,0.0
1727304144265,1.113235,0.0
1727304144672,1.11323,0.0
1727304151674,1.11324,0.0
1727304161845,1.113235,0.0
1727304189021,1.113245,0.0
1727304199811,1.11326,0.0
1727304200236,1.113255,0.0
1727304206320,1.11326,0.0
1727304207280,1.113245,0.0
1727304209952,1.11325,0.0
1727304213663,1.113245,0.0
1727304218102,1.113255,0.0
1727304218403,1.113245,0.0
1727304219000,1.11325,0.0
1727304222546,1.113245,0.0
1727304223102,1.11325,0.0
1727304227602,1.11324,0.0
1727304259130,1.113235,0.0
1727304260075,1.11324,0.0
1727304274750,1.11325,0.0
1727304284699,1.113245,0.0
1727304284699,1.113245,0.0
1727304297051,1.11325,0.0
1727304301108,1.113255,0.0
1727304307327,1.11326,0.0
1727304310149,1.113255,0.0
1727304321935,1.11328,0.0
1727304330628,1.113285,0.0
1727304337741,1.11328,0.0
1727304338136,1.113255,0.0
1727304339286,1.11326,0.0
1727304339578,1.113265,0.0
1727304340040,1.11326,0.0
1727304341041,1.11325,0.0
1727304342588,1.11325,0.0
1727304344942,1.113255,0.0
1727304344719,1.113265,0.0
1727304345074,1.11325,0.0
1727304345460,1.11325,0.0
1727304346053,1.11325,0.0
1727304357685,1.11325,0.0
1727304367042,1.113255,0.0
1727304374411,1.11325,0.0
1727304380607,1.113265,0.0
1727304382012,1.11326,0.0
1727304383624,1.113245,0.0
1727304385883,1.11326,0.0
1727304386274,1.113255,0.0
1727304392224,1.11325,0.0
1727304407230,1.113255,0.0
1727304407770,1.113255,0.0
1727304408400,1.11326,0.0
1727304408619,1.113255,0.0
1727304408932,1.11326,0.0
1727304409210,1.113255,0.0
1727304410946,1.11326,0.0
1727304411901,1.113255,0.0
1727304412907,1.11326,0.0
1727304414195,1.113255,0.0
1727304420027,1.11326,0.0
1727304430277,1.113255,0.0
1727304436968,1.113255,0.0
1727304442690,1.113265,0.0
1727304443411,1.11326,0.0
1727304453234,1.113275,0.0
1727304474356,1.11326,0.0
1727304476311,1.113265,0.0
1727304481677,1.11326,0.0
1727304482073,1.113265,0.0
1727304482677,1.11326,0.0
1727304486415,1.11326,0.0
1727304489458,1.113265,0.0
1727304495628,1.11326,0.0
1727304498910,1.113265,0.0
1727304502710,1.11326,0.0
1727304502882,1.113245,0.0
1727304503882,1.11324,0.0
1727304505086,1.113235,0.0
1727304509919,1.113235,0.0
1727304512692,1.11323,0.0
1727304514001,1.113225,0.0
1727304514179,1.11323,0.0
1727304514912,1.113235,0.0
1727304540587,1.11321,0.0
1727304540777,1.11322,0.0
1727304540777,1.11322,0.0
1727304562061,1.11322,0.0
1727304565820,1.113215,0.0
1727304565984,1.11322,0.0
1727304576420,1.113215,0.0
1727304593358,1.113225,0.0
1727304596628,1.11322,0.0
1727304596738,1.113215,0.0
1727304598074,1.113225,0.0
1727304598252,1.11322,0.0
1727304600107,1.11321,0.0
1727304600502,1.113215,0.0
1727304602211,1.113205,0.0
1727304618455,1.11318,0.0
1727304622447,1.113175,0.0
1727304650176,1.113165,0.0
1727304660124,1.11317,0.0
1727304670155,1.113165,0.0
1727304670210,1.11317,0.0
1727304671096,1.11316,0.0
1727304672634,1.113165,0.0
1727304672731,1.11316,0.0
1727304673809,1.113165,0.0
1727304682493,1.11316,0.0
1727304686867,1.113155,0.0
1727304704069,1.11316,0.0
1727304705727,1.11315,0.0
1727304706687,1.11316,0.0
1727304714007,1.11316,0.0
1727304720373,1.11315,0.0
1727304720973,1.113155,0.0
1727304722219,1.11316,0.0
1727304727053,1.113155,0.0
1727304727053,1.113155,0.0
1727304751002,1.11316,0.0
1727304762197,1.113155,0.0
1727304785559,1.11316,0.0
1727304796071,1.113155,0.0
1727304811001,1.11315,0.0
1727304840719,1.113155,0.0
1727304849263,1.11316,0.0
1727304850635,1.11318,0.0
1727304850879,1.113175,0.0
1727304851901,1.11318,0.0
1727304867584,1.1132,0.0
1727304869810,1.113215,0.0
1727304869810,1.113215,0.0
1727304902030,1.11321,0.0
1727304902992,1.11323,0.0
1727304903429,1.113235,0.0
1727304904976,1.113215,0.0
1727304905031,1.113225,0.0
1727304914107,1.11323,0.0
1727304915084,1.113235,0.0
1727304916564,1.113215,0.0
1727304943061,1.11322,0.0
1727304947055,1.113215,0.0
1727304948003,1.11322,0.0
1727304965618,1.113225,0.0
1727304967006,1.11322,0.0
1727304973532,1.113225,0.0
1727304973532,1.113225,0.0
1727305016918,1.11322,0.0
1727305017414,1.113225,0.0
1727305019918,1.113225,0.0
1727305020001,1.11323,0.0
1727305020577,1.113235,0.0
1727305021051,1.11323,0.0
1727305024492,1.113235,0.0
1727305028676,1.11323,0.0
1727305037660,1.113235,0.0
1727305045902,1.113205,0.0
1727305046098,1.113195,0.0
1727305061733,1.113175,0.0
1727305062638,1.11319,0.0
1727305062870,1.113185,0.0
1727305071183,1.11319,0.0
1727305077087,1.113195,0.0
1727305079132,1.11321,0.0
1727305110344,1.11321,0.0
1727305119725,1.113215,0.0
1727305119847,1.11321,0.0
1727305119847,1.11321,0.0
1727305152030,1.11319,0.0
1727305152522,1.113195,0.0
1727305152626,1.11319,0.0
1727305153052,1.113195,0.0
1727305158658,1.11319,0.0
1727305160488,1.11319,0.0
1727305163056,1.113185,0.0
1727305163658,1.11318,0.0
1727305177042,1.113185,0.0
1727305187874,1.11319,0.0
1727305192291,1.113185,0.0
1727305192593,1.11319,0.0
1727305193054,1.113185,0.0
1727305203560,1.113215,0.0
1727305204185,1.113215,0.0
1727305206000,1.1132,0.0
1727305206756,1.11321,0.0
1727305217817,1.113215,0.0
1727305218064,1.11321,0.0
1727305221437,1.113215,0.0
1727305221807,1.11321,0.0
1727305223055,1.11321,0.0
1727305223290,1.113215,0.0
1727305229042,1.113215,0.0
1727305228149,1.11321,0.0
1727305228550,1.11321,0.0
1727305232287,1.11321,0.0
1727305232535,1.113215,0.0
1727305233065,1.11321,0.0
1727305233258,1.113215,0.0
1727305234056,1.11322,0.0
1727305234572,1.113215,0.0
1727305235092,1.11321,0.0
1727305235889,1.113215,0.0
1727305238958,1.11322,0.0
1727305239563,1.113215,0.0
1727305245687,1.113205,0.0
1727305250571,1.11321,0.0
1727305251146,1.113205,0.0
1727305252052,1.11321,0.0
1727305254723,1.11323,0.0
1727305255011,1.113235,0.0
1727305256500,1.113205,0.0
1727305256762,1.1132,0.0
1727305260141,1.11318,0.0
1727305260207,1.113185,0.0
1727305260207,1.113185,0.0
1727305277308,1.11318,0.0
1727305278061,1.113185,0.0
1727305280526,1.11317,0.0
1727305290759,1.11317,0.0
1727305291964,1.11315,0.0
1727305292206,1.113135,0.0
1727305305106,1.113185,0.0
1727305306431,1.11319,0.0
1727305320958,1.11313,0.0
1727305321036,1.113125,0.0
1727305321543,1.11314,0.0
1727305327098,1.113125,0.0
1727305327624,1.11313,0.0
1727305328486,1.11311,0.0
1727305333780,1.11311,0.0
1727305336206,1.113105,0.0
1727305338073,1.11311,0.0
1727305338310,1.113105,0.0
1727305340636,1.11312,0.0
1727305342489,1.1131,0.0
1727305347851,1.113115,0.0
1727305350989,1.11311,0.0
1727305352216,1.113105,0.0
1727305352216,1.113105,0.0
1727305424446,1.11309,0.0
1727305435272,1.113085,0.0
1727305436327,1.11308,0.0
1727305437063,1.113085,0.0
1727305438717,1.11309,0.0
1727305439203,1.113085,0.0
1727305445988,1.11309,0.0
1727305448816,1.113095,0.0
1727305448816,1.113095,0.0
1727305468085,1.11309,0.0
1727305469211,1.113085,0.0
1727305479623,1.11309,0.0
1727305480070,1.113085,0.0
1727305487583,1.11309,0.0
1727305503164,1.113085,0.0
1727305503266,1.11309,0.0
1727305510559,1.113095,0.0
1727305520017,1.11309,0.0
1727305520017,1.11309,0.0
1727305540330,1.113095,0.0
1727305551016,1.11305,0.0
1727305551150,1.113035,0.0
1727305551781,1.11303,0.0
1727305555091,1.11304,0.0
1727305562300,1.11305,0.0
1727305562538,1.113045,0.0
1727305563916,1.11305,0.0
1727305564195,1.113045,0.0
1727305566815,1.11305,0.0
1727305567187,1.11305,0.0
1727305568936,1.113045,0.0
1727305588057,1.11305,0.0
1727305593830,1.113065,0.0
1727305594656,1.11306,0.0
1727305594901,1.113065,0.0
1727305595707,1.11306,0.0
1727305595904,1.113065,0.0
1727305596757,1.11306,0.0
1727305596923,1.113065,0.0
1727305597781,1.11306,0.0
1727305598001,1.113065,0.0
1727305598830,1.11306,0.0
1727305599060,1.113065,0.0
1727305599781,1.11306,0.0
1727305600030,1.113055,0.0
1727305600269,1.11306,0.0
1727305600751,1.113065,0.0
1727305601283,1.113065,0.0
1727305603054,1.113085,0.0
1727305603127,1.11308,0.0
