timestamp(ms since Epoch),last price,volume
1727288870541,0.68294,0.0
1727288871101,0.682945,0.0
1727288873275,0.68294,0.0
1727288876777,0.68298,0.0
1727288877887,0.68296,0.0
1727288880608,0.68299,0.0
1727288880303,0.68299,0.0
1727288881784,0.682975,0.0
1727288881996,0.68298,0.0
1727288883306,0.682985,0.0
1727288883649,0.682975,0.0
1727288887137,0.682975,0.0
1727288887367,0.68298,0.0
1727288888553,0.68299,0.0
1727288888677,0.68298,0.0
1727288889007,0.68298,0.0
1727288890501,0.68299,0.0
1727288890287,0.68298,0.0
1727288892217,0.68298,0.0
1727288892586,0.68298,0.0
1727288893591,0.68298,0.0
1727288894920,0.68298,0.0
1727288895255,0.68298,0.0
1727288897663,0.682985,0.0
1727288897723,0.68298,0.0
1727288899419,0.68298,0.0
1727288899597,0.68298,0.0
1727288900197,0.682985,0.0
1727288901000,0.682995,0.0
1727288902803,0.683,0.0
1727288903462,0.68298,0.0
1727288904098,0.682985,0.0
1727288908187,0.68299,0.0
1727288908576,0.68298,0.0
1727288909366,0.68298,0.0
1727288918706,0.68298,0.0
1727288919350,0.68297,0.0
1727288919655,0.682955,0.0
1727288919709,0.682965,0.0
1727288923320,0.68296,0.0
1727288924609,0.68296,0.0
1727288985822,0.68318,0.0
1727288993500,0.683225,0.0
1727288994083,0.683245,0.0
1727288995873,0.68324,0.0
1727288996085,0.683245,0.0
1727288997737,0.68323,0.0
1727288998184,0.683245,0.0
1727288998302,0.68323,0.0
1727288998915,0.683225,0.0
1727288999363,0.68324,0.0
1727288999557,0.683245,0.0
1727289000056,0.683265,0.0
1727289000374,0.683265,0.0
1727289000374,0.683265,0.0
1727289013472,0.683235,0.0
1727289014579,0.683235,0.0
1727289019358,0.683205,0.0
1727289021925,0.683215,0.0
1727289024698,0.683245,0.0
1727289024866,0.68325,0.0
1727289025274,0.683245,0.0
1727289025847,0.68325,0.0
1727289026139,0.683255,0.0
1727289026288,0.683255,0.0
1727289027436,0.683255,0.0
1727289028074,0.68326,0.0
1727289028293,0.683255,0.0
1727289028641,0.68326,0.0
1727289028856,0.68327,0.0
1727289030788,0.683255,0.0
1727289031797,0.683245,0.0
1727289037558,0.68323,0.0
1727289038605,0.683245,0.0
1727289039773,0.683235,0.0
1727289040025,0.683235,0.0
1727289040604,0.683225,0.0
1727289040860,0.683235,0.0
1727289041493,0.68326,0.0
1727289042326,0.68328,0.0
1727289043099,0.683275,0.0
1727289043499,0.683275,0.0
1727289049009,0.683245,0.0
1727289049301,0.68326,0.0
1727289107854,0.683065,0.0
1727289113365,0.683075,0.0
1727289114674,0.68309,0.0
1727289115294,0.683075,0.0
1727289116133,0.683075,0.0
1727289116348,0.683075,0.0
1727289116768,0.683075,0.0
1727289116717,0.68307,0.0
1727289118067,0.68308,0.0
1727289123197,0.6831,0.0
1727289124140,0.683105,0.0
1727289125201,0.683095,0.0
1727289125973,0.68311,0.0
1727289126058,0.683095,0.0
1727289126627,0.68311,0.0
1727289128286,0.683105,0.0
1727289129488,0.68309,0.0
1727289130387,0.683065,0.0
1727289129867,0.683085,0.0
1727289130761,0.68306,0.0
1727289135737,0.683055,0.0
1727289137994,0.68306,0.0
1727289143999,0.68307,0.0
1727289148667,0.68306,0.0
1727289148744,0.683055,0.0
1727289149438,0.683055,0.0
1727289149571,0.68305,0.0
1727289150138,0.683055,0.0
1727289150790,0.68305,0.0
1727289151934,0.683055,0.0
1727289152411,0.68305,0.0
1727289153561,0.68306,0.0
1727289153202,0.683055,0.0
1727289153815,0.683055,0.0
1727289153453,0.683055,0.0
1727289154364,0.68306,0.0
1727289154707,0.683055,0.0
1727289154813,0.68306,0.0
1727289156687,0.683085,0.0
1727289159717,0.683095,0.0
1727289159891,0.683095,0.0
1727289161014,0.68306,0.0
1727289161860,0.683055,0.0
1727289162037,0.683065,0.0
1727289163234,0.683055,0.0
1727289163492,0.68305,0.0
1727289164262,0.683055,0.0
1727289164322,0.68305,0.0
1727289165101,0.683055,0.0
1727289165362,0.68306,0.0
1727289167334,0.68305,0.0
1727289232218,0.68291,0.0
1727289232370,0.682905,0.0
1727289240752,0.682875,0.0
1727289242097,0.682845,0.0
1727289243462,0.682845,0.0
1727289246256,0.68286,0.0
1727289247334,0.682855,0.0
1727289247118,0.682855,0.0
1727289248298,0.68286,0.0
1727289249260,0.68286,0.0
1727289250054,0.682855,0.0
1727289250917,0.682825,0.0
1727289251523,0.682825,0.0
1727289251774,0.682825,0.0
1727289252828,0.682825,0.0
1727289253281,0.682805,0.0
1727289254590,0.68281,0.0
1727289255604,0.682815,0.0
1727289255086,0.682805,0.0
1727289256477,0.68285,0.0
1727289256065,0.68281,0.0
1727289257039,0.682815,0.0
1727289259136,0.68281,0.0
1727289259391,0.68281,0.0
1727289259466,0.682815,0.0
1727289260877,0.682815,0.0
1727289260446,0.68281,0.0
1727289261110,0.68282,0.0
1727289261328,0.68281,0.0
1727289266581,0.682835,0.0
1727289266927,0.68284,0.0
1727289267265,0.682835,0.0
1727289267462,0.68284,0.0
1727289268264,0.682835,0.0
1727289268554,0.68284,0.0
1727289268725,0.682835,0.0
1727289269323,0.68284,0.0
1727289269464,0.682835,0.0
1727289269769,0.68284,0.0
1727289270054,0.682835,0.0
1727289270266,0.68284,0.0
1727289270563,0.68283,0.0
1727289270826,0.682835,0.0
1727289271374,0.68283,0.0
1727289274746,0.682835,0.0
1727289274974,0.68284,0.0
1727289275478,0.68283,0.0
1727289276060,0.682835,0.0
1727289276116,0.68284,0.0
1727289276510,0.68284,0.0
1727289277487,0.68283,0.0
1727289276693,0.682835,0.0
1727289276913,0.68284,0.0
1727289277166,0.682835,0.0
1727289277744,0.682835,0.0
1727289278046,0.68284,0.0
1727289279592,0.682835,0.0
1727289280090,0.682855,0.0
1727289285246,0.68286,0.0
1727289349360,0.68285,0.0
1727289352560,0.682835,0.0
1727289352896,0.68285,0.0
1727289355331,0.68282,0.0
1727289356815,0.682835,0.0
1727289356998,0.68283,0.0
1727289359403,0.682835,0.0
1727289359707,0.682835,0.0
1727289359973,0.68283,0.0
1727289360636,0.682805,0.0
1727289363668,0.68281,0.0
1727289363893,0.682825,0.0
1727289364429,0.682815,0.0
1727289364491,0.68282,0.0
1727289365642,0.682815,0.0
1727289365882,0.68282,0.0
1727289368937,0.682815,0.0
1727289369007,0.68282,0.0
1727289369751,0.682815,0.0
1727289371558,0.68282,0.0
1727289374716,0.68284,0.0
1727289374936,0.682845,0.0
1727289375101,0.682835,0.0
1727289375653,0.682845,0.0
1727289375410,0.68284,0.0
1727289376222,0.68284,0.0
1727289376277,0.682845,0.0
1727289377552,0.682865,0.0
1727289377432,0.68286,0.0
1727289378197,0.68286,0.0
1727289377757,0.68286,0.0
1727289379964,0.68286,0.0
1727289381613,0.682855,0.0
1727289383456,0.68284,0.0
1727289383701,0.68282,0.0
1727289383987,0.68284,0.0
1727289384455,0.682835,0.0
1727289384671,0.68283,0.0
1727289384893,0.682825,0.0
1727289385885,0.68283,0.0
1727289386056,0.682835,0.0
1727289386899,0.682815,0.0
1727289387053,0.682815,0.0
1727289387389,0.68281,0.0
1727289388727,0.682815,0.0
1727289388948,0.682825,0.0
1727289390104,0.682825,0.0
1727289390676,0.682815,0.0
1727289390846,0.68282,0.0
1727289391154,0.682855,0.0
1727289395014,0.682865,0.0
1727289400105,0.682865,0.0
1727289402289,0.68287,0.0
1727289402486,0.682865,0.0
1727289403772,0.68287,0.0
1727289403960,0.682865,0.0
1727289404124,0.68287,0.0
1727289404795,0.68285,0.0
1727289473502,0.682965,0.0
1727289475107,0.68295,0.0
1727289479319,0.682955,0.0
1727289481931,0.68297,0.0
1727289482067,0.682965,0.0
1727289483950,0.682965,0.0
1727289484405,0.68297,0.0
1727289484560,0.682965,0.0
1727289485325,0.682975,0.0
1727289486202,0.682965,0.0
1727289486270,0.68297,0.0
1727289488973,0.682965,0.0
1727289489147,0.68293,0.0
1727289489492,0.68294,0.0
1727289489762,0.68293,0.0
1727289490370,0.68294,0.0
1727289493256,0.68292,0.0
1727289493620,0.682905,0.0
1727289495595,0.6829,0.0
1727289499278,0.682905,0.0
1727289499559,0.682915,0.0
1727289500122,0.68289,0.0
1727289506160,0.68288,0.0
1727289506649,0.68287,0.0
1727289508648,0.68287,0.0
1727289512023,0.682905,0.0
1727289512190,0.6829,0.0
1727289513053,0.6829,0.0
1727289522183,0.682895,0.0
1727289614188,0.682905,0.0
1727289631548,0.68289,0.0
1727289631604,0.682885,0.0
1727289634795,0.68292,0.0
1727289635013,0.6829,0.0
1727289635527,0.68292,0.0
1727289635842,0.6829,0.0
1727289635942,0.682905,0.0
1727289639564,0.682905,0.0
1727289641206,0.6829,0.0
1727289641448,0.682905,0.0
1727289642248,0.6829,0.0
1727289642732,0.682895,0.0
1727289646575,0.6829,0.0
1727289650933,0.682895,0.0
1727289651927,0.6829,0.0
1727289654800,0.682905,0.0
1727289660411,0.682885,0.0
1727289661358,0.68289,0.0
1727289663420,0.68287,0.0
1727289666404,0.682865,0.0
1727289667062,0.682865,0.0
1727289673976,0.68287,0.0
1727289675633,0.6829,0.0
1727289675760,0.682905,0.0
1727289676205,0.6829,0.0
1727289676932,0.6829,0.0
1727289678142,0.6829,0.0
1727289679473,0.6829,0.0
1727289681657,0.682905,0.0
1727289746736,0.68282,0.0
1727289747671,0.682805,0.0
1727289748762,0.6828,0.0
1727289749115,0.682795,0.0
1727289750253,0.6828,0.0
1727289750472,0.682795,0.0
1727289751313,0.6828,0.0
1727289753019,0.6828,0.0
1727289753084,0.682805,0.0
1727289753364,0.682785,0.0
1727289753364,0.682785,0.0
1727289760375,0.682785,0.0
1727289761273,0.68274,0.0
1727289768210,0.68276,0.0
1727289769145,0.68281,0.0
1727289775692,0.68281,0.0
1727289777151,0.68281,0.0
1727289778654,0.68283,0.0
1727289779034,0.682825,0.0
1727289779584,0.682815,0.0
1727289785014,0.682815,0.0
1727289785712,0.682825,0.0
1727289785885,0.68284,0.0
1727289788696,0.68281,0.0
1727289790522,0.68283,0.0
1727289791377,0.68284,0.0
1727289792320,0.68287,0.0
1727289794478,0.682865,0.0
1727289794878,0.68287,0.0
1727289796052,0.682865,0.0
1727289796306,0.68287,0.0
1727289796964,0.68287,0.0
1727289796529,0.68287,0.0
1727289797218,0.682875,0.0
1727289797473,0.68287,0.0
1727289797721,0.682875,0.0
1727289867319,0.682845,0.0
1727289870902,0.682825,0.0
1727289871378,0.682825,0.0
1727289871684,0.68282,0.0
1727289871829,0.682825,0.0
1727289872145,0.68282,0.0
1727289872204,0.682825,0.0
1727289885154,0.682825,0.0
1727289897885,0.682825,0.0
1727289899488,0.68286,0.0
1727289900056,0.682855,0.0
1727289900412,0.682815,0.0
1727289906299,0.682835,0.0
1727289906497,0.68283,0.0
1727289907632,0.682835,0.0
1727289907801,0.68286,0.0
1727289909713,0.68284,0.0
1727289911166,0.68282,0.0
1727289911393,0.68282,0.0
1727289911980,0.682825,0.0
1727289914177,0.682835,0.0
1727289920445,0.682865,0.0
1727289919948,0.68287,0.0
1727289922773,0.682865,0.0
1727289923035,0.68287,0.0
1727289986680,0.682925,0.0
1727289987566,0.682905,0.0
1727289988270,0.68292,0.0
1727289989244,0.682915,0.0
1727289993910,0.682905,0.0
1727289994257,0.6829,0.0
1727289994828,0.682905,0.0
1727289994882,0.6829,0.0
1727289997001,0.682885,0.0
1727289997720,0.68289,0.0
1727289997907,0.682885,0.0
1727289999537,0.68288,0.0
1727289999637,0.682885,0.0
1727290000814,0.68289,0.0
1727290001002,0.682905,0.0
1727290001633,0.68289,0.0
1727290001903,0.682915,0.0
1727290002002,0.682905,0.0
1727290002201,0.682915,0.0
1727290002716,0.68291,0.0
1727290003827,0.682905,0.0
1727290003373,0.68292,0.0
1727290003482,0.68291,0.0
1727290004270,0.68291,0.0
1727290004989,0.6829,0.0
1727290005810,0.68291,0.0
1727290006661,0.682895,0.0
1727290007155,0.682895,0.0
1727290006768,0.68289,0.0
1727290007409,0.68289,0.0
1727290007575,0.68292,0.0
1727290009138,0.68293,0.0
1727290010199,0.682925,0.0
1727290010431,0.68293,0.0
1727290010855,0.68293,0.0
1727290011055,0.682925,0.0
1727290011284,0.68293,0.0
1727290019712,0.68289,0.0
1727290018876,0.682905,0.0
1727290019053,0.682905,0.0
1727290020039,0.68289,0.0
1727290021120,0.68288,0.0
1727290021554,0.682905,0.0
1727290021610,0.6829,0.0
1727290022052,0.682905,0.0
1727290022111,0.6829,0.0
1727290023066,0.68291,0.0
1727290023426,0.68292,0.0
1727290024932,0.682905,0.0
1727290025374,0.682905,0.0
1727290026236,0.68293,0.0
1727290026378,0.682925,0.0
1727290026940,0.682925,0.0
1727290027774,0.68293,0.0
1727290027477,0.68293,0.0
1727290029054,0.68293,0.0
1727290028559,0.68292,0.0
1727290029207,0.682925,0.0
1727290029441,0.68292,0.0
1727290030054,0.68293,0.0
1727290030591,0.68292,0.0
1727290030751,0.68293,0.0
1727290031655,0.682925,0.0
1727290031857,0.68293,0.0
1727290036150,0.682915,0.0
1727290041273,0.6829,0.0
1727290110002,0.68294,0.0
1727290110658,0.68294,0.0
1727290113084,0.68296,0.0
1727290117381,0.682955,0.0
1727290123261,0.682895,0.0
1727290126138,0.682915,0.0
1727290126737,0.68293,0.0
1727290127054,0.68292,0.0
1727290128369,0.68293,0.0
1727290129061,0.68292,0.0
1727290129555,0.68293,0.0
1727290130185,0.68293,0.0
1727290130646,0.682925,0.0
1727290131051,0.68293,0.0
1727290132535,0.68293,0.0
1727290134045,0.6829,0.0
1727290134280,0.68293,0.0
1727290134784,0.68292,0.0
1727290135052,0.68293,0.0
1727290135981,0.68292,0.0
1727290137762,0.682915,0.0
1727290138764,0.68293,0.0
1727290140194,0.68292,0.0
1727290140850,0.68292,0.0
1727290141203,0.68293,0.0
1727290140564,0.682925,0.0
1727290140787,0.68293,0.0
1727290141695,0.68292,0.0
1727290141947,0.68293,0.0
1727290148503,0.68301,0.0
1727290151705,0.68299,0.0
1727290152267,0.682995,0.0
1727290152428,0.682995,0.0
1727290152700,0.68299,0.0
1727290153593,0.68297,0.0
1727290153843,0.68298,0.0
1727290154057,0.682975,0.0
1727290154196,0.68296,0.0
1727290154479,0.682955,0.0
1727290157456,0.68296,0.0
1727290158056,0.682955,0.0
1727290159350,0.68293,0.0
1727290159519,0.682935,0.0
1727290162505,0.68297,0.0
1727290162651,0.68297,0.0
1727290163055,0.68297,0.0
1727290167961,0.68303,0.0
1727290168204,0.683025,0.0
1727290168630,0.683025,0.0
1727290226275,0.68306,0.0
1727290231751,0.683015,0.0
1727290231919,0.683025,0.0
1727290232468,0.683,0.0
1727290234805,0.683005,0.0
1727290235052,0.683,0.0
1727290236290,0.683045,0.0
1727290239383,0.683025,0.0
1727290240464,0.683015,0.0
1727290244068,0.68298,0.0
1727290244321,0.682975,0.0
1727290244519,0.683005,0.0
1727290244726,0.68299,0.0
1727290252855,0.682985,0.0
1727290252941,0.68299,0.0
1727290253121,0.682985,0.0
1727290254674,0.682985,0.0
1727290256864,0.68288,0.0
1727290257116,0.68287,0.0
1727290257353,0.68288,0.0
1727290261537,0.68283,0.0
1727290261537,0.68283,0.0
1727290279693,0.682815,0.0
1727290279860,0.68281,0.0
1727290280180,0.682825,0.0
1727290281422,0.6828,0.0
1727290351988,0.68291,0.0
1727290352480,0.68289,0.0
1727290353251,0.682905,0.0
1727290354375,0.68289,0.0
1727290355327,0.682905,0.0
1727290355704,0.682905,0.0
1727290361583,0.68286,0.0
1727290361821,0.68286,0.0
1727290362481,0.682855,0.0
1727290363249,0.68286,0.0
1727290365162,0.682855,0.0
1727290366557,0.68286,0.0
1727290366679,0.682855,0.0
1727290367562,0.68286,0.0
1727290367972,0.682865,0.0
1727290368999,0.68286,0.0
1727290369237,0.68286,0.0
1727290370006,0.682855,0.0
1727290370245,0.68286,0.0
1727290371159,0.682855,0.0
1727290371802,0.68286,0.0
1727290372506,0.682855,0.0
1727290372986,0.68286,0.0
1727290373574,0.682865,0.0
1727290375437,0.68286,0.0
1727290375685,0.682865,0.0
1727290376080,0.68286,0.0
1727290376334,0.68286,0.0
1727290376559,0.68286,0.0
1727290376921,0.682865,0.0
1727290377337,0.68286,0.0
1727290377738,0.682865,0.0
1727290381804,0.6829,0.0
1727290382370,0.68289,0.0
1727290382422,0.682905,0.0
1727290388525,0.682925,0.0
1727290388337,0.68293,0.0
1727290391287,0.682905,0.0
1727290391418,0.6829,0.0
1727290399827,0.682865,0.0
1727290400017,0.68286,0.0
1727290400387,0.68286,0.0
1727290400576,0.68286,0.0
1727290402098,0.682865,0.0
1727290474112,0.682905,0.0
1727290475369,0.68289,0.0
1727290475757,0.68289,0.0
1727290476547,0.682895,0.0
1727290477177,0.682895,0.0
1727290484509,0.682895,0.0
1727290490409,0.682855,0.0
1727290495480,0.68284,0.0
1727290496115,0.68283,0.0
1727290505259,0.682805,0.0
1727290507549,0.6828,0.0
1727290509101,0.682805,0.0
1727290509991,0.6828,0.0
1727290511687,0.682805,0.0
1727290511807,0.6828,0.0
1727290512164,0.682815,0.0
1727290513397,0.68281,0.0
1727290514577,0.682815,0.0
1727290514961,0.682815,0.0
1727290515188,0.68281,0.0
1727290519005,0.682825,0.0
1727290519438,0.682815,0.0
1727290519596,0.68281,0.0
1727290520219,0.682805,0.0
1727290520607,0.68281,0.0
1727290524177,0.682815,0.0
1727290524328,0.68281,0.0
1727290526858,0.68283,0.0
1727290526489,0.682835,0.0
1727290526607,0.682835,0.0
1727290527263,0.682835,0.0
1727290528526,0.68282,0.0
1727290529285,0.68281,0.0
1727290594198,0.68275,0.0
1727290594037,0.682755,0.0
1727290594780,0.682755,0.0
1727290595383,0.682765,0.0
1727290595550,0.68276,0.0
1727290595722,0.682755,0.0
1727290597562,0.68273,0.0
1727290597809,0.682715,0.0
1727290602251,0.68272,0.0
1727290611184,0.682715,0.0
1727290612011,0.6827,0.0
1727290611768,0.6827,0.0
1727290612650,0.6827,0.0
1727290614029,0.682705,0.0
1727290614405,0.682705,0.0
1727290614701,0.6827,0.0
1727290615958,0.682695,0.0
1727290619264,0.6827,0.0
1727290618912,0.6827,0.0
1727290620472,0.68268,0.0
1727290619616,0.682695,0.0
1727290620759,0.682685,0.0
1727290620052,0.682695,0.0
1727290621033,0.68269,0.0
1727290622723,0.682695,0.0
1727290622926,0.68269,0.0
1727290623119,0.682695,0.0
1727290623444,0.682695,0.0
1727290623871,0.682695,0.0
1727290624851,0.6827,0.0
1727290624690,0.682695,0.0
1727290625471,0.682685,0.0
1727290626999,0.682685,0.0
1727290627342,0.6827,0.0
1727290628000,0.6827,0.0
1727290628287,0.682695,0.0
1727290628424,0.6827,0.0
1727290633058,0.682695,0.0
1727290637065,0.68267,0.0
1727290641063,0.682645,0.0
1727290641611,0.68265,0.0
1727290645014,0.682635,0.0
1727290645264,0.682645,0.0
1727290646344,0.682645,0.0
1727290646549,0.682635,0.0
1727290646954,0.682645,0.0
1727290647185,0.68264,0.0
1727290647522,0.682645,0.0
1727290647761,0.68264,0.0
1727290652152,0.68258,0.0
1727290709691,0.68247,0.0
1727290710119,0.682465,0.0
1727290710532,0.68247,0.0
1727290713834,0.682495,0.0
1727290714076,0.682475,0.0
1727290716215,0.682475,0.0
1727290725104,0.682445,0.0
1727290725328,0.68245,0.0
1727290725402,0.682445,0.0
1727290725822,0.68245,0.0
1727290725946,0.682445,0.0
1727290726483,0.68245,0.0
1727290726818,0.68245,0.0
1727290727309,0.68245,0.0
1727290727058,0.682445,0.0
1727290734074,0.68244,0.0
1727290734612,0.68244,0.0
1727290734398,0.682445,0.0
1727290735357,0.682445,0.0
1727290735503,0.68241,0.0
1727290736856,0.68239,0.0
1727290737734,0.6824,0.0
1727290739252,0.682385,0.0
1727290753175,0.68238,0.0
1727290753421,0.68238,0.0
1727290757535,0.682385,0.0
1727290757723,0.682385,0.0
1727290758986,0.68241,0.0
1727290758730,0.68242,0.0
1727290761306,0.682405,0.0
1727290760650,0.682405,0.0
1727290760867,0.682405,0.0
1727290761489,0.6824,0.0
1727290761655,0.682405,0.0
1727290762106,0.6824,0.0
1727290762511,0.6824,0.0
1727290762675,0.682405,0.0
1727290762913,0.6824,0.0
1727290763079,0.682405,0.0
1727290763471,0.682405,0.0
1727290763704,0.6824,0.0
1727290764028,0.6824,0.0
1727290764256,0.6824,0.0
1727290764480,0.682405,0.0
1727290765043,0.6824,0.0
1727290765128,0.682405,0.0
1727290765468,0.6824,0.0
1727290766288,0.6824,0.0
1727290766562,0.6824,0.0
1727290766739,0.682405,0.0
1727290766925,0.6824,0.0
1727290767100,0.682405,0.0
1727290767492,0.6824,0.0
1727290768540,0.68239,0.0
1727290768868,0.6824,0.0
1727290770952,0.68244,0.0
1727290771093,0.68243,0.0
1727290834960,0.68249,0.0
1727290835076,0.682485,0.0
1727290837165,0.682485,0.0
1727290840984,0.682485,0.0
1727290848096,0.68248,0.0
1727290850944,0.68254,0.0
1727290855870,0.682535,0.0
1727290862264,0.682645,0.0
1727290874373,0.682635,0.0
1727290875025,0.682635,0.0
1727290876518,0.68263,0.0
1727290876607,0.682635,0.0
1727290877165,0.682635,0.0
1727290888764,0.68263,0.0
1727290889094,0.682625,0.0
1727290888931,0.682625,0.0
1727291146550,0.682725,0.0
1727291150325,0.682715,0.0
1727291153365,0.68272,0.0
1727291156667,0.68274,0.0
1727291161261,0.68275,0.0
1727291162104,0.682735,0.0
1727291161829,0.68273,0.0
1727291162279,0.68273,0.0
1727291163589,0.682735,0.0
1727291164618,0.682715,0.0
1727291171943,0.68272,0.0
1727291174089,0.682725,0.0
1727291174493,0.68272,0.0
1727291176559,0.682725,0.0
1727291178238,0.682765,0.0
1727291186581,0.68277,0.0
1727291260761,0.682815,0.0
1727291266190,0.68281,0.0
1727291269729,0.68281,0.0
1727291269796,0.682805,0.0
1727291270745,0.682805,0.0
1727291270088,0.68281,0.0
1727291271121,0.682795,0.0
1727291271850,0.6828,0.0
1727291272053,0.68279,0.0
1727291272694,0.6828,0.0
1727291277114,0.682795,0.0
1727291276955,0.6828,0.0
1727291277482,0.6828,0.0
1727291280193,0.682795,0.0
1727291280630,0.6828,0.0
1727291281231,0.682805,0.0
1727291281517,0.6828,0.0
1727291282524,0.682795,0.0
1727291281628,0.6828,0.0
1727291282849,0.6828,0.0
1727291284421,0.682805,0.0
1727291284624,0.68282,0.0
1727291286447,0.682835,0.0
1727291288482,0.68281,0.0
1727291288663,0.68282,0.0
1727291290936,0.682835,0.0
1727291291243,0.68283,0.0
1727291292062,0.682805,0.0
1727291292252,0.682815,0.0
1727291293205,0.68281,0.0
1727291294547,0.68281,0.0
1727291295815,0.68281,0.0
1727291297035,0.682825,0.0
1727291299294,0.682835,0.0
1727291299376,0.68284,0.0
1727291299860,0.68284,0.0
1727291300186,0.682835,0.0
1727291300570,0.68284,0.0
1727291300790,0.682835,0.0
1727291301099,0.682855,0.0
1727291301170,0.68287,0.0
1727291301387,0.682855,0.0
1727291303760,0.68286,0.0
1727291308306,0.682875,0.0
1727291310862,0.68289,0.0
1727291310919,0.682885,0.0
1727291311897,0.68288,0.0
1727291311595,0.68288,0.0
1727291312142,0.682885,0.0
1727291312358,0.68288,0.0
1727291319212,0.68287,0.0
1727291384483,0.682795,0.0
1727291385072,0.6828,0.0
1727291385585,0.682795,0.0
1727291387179,0.6828,0.0
1727291388026,0.6828,0.0
1727291388156,0.682795,0.0
1727291388719,0.682795,0.0
1727291389114,0.6828,0.0
1727291389386,0.682795,0.0
1727291389763,0.682795,0.0
1727291390246,0.68279,0.0
1727291392026,0.682795,0.0
1727291392291,0.6828,0.0
1727291392628,0.682795,0.0
1727291395537,0.6828,0.0
1727291395945,0.682795,0.0
1727291398719,0.68278,0.0
1727291400528,0.68279,0.0
1727291400042,0.68277,0.0
1727291400156,0.68279,0.0
1727291401638,0.68279,0.0
1727291407690,0.68279,0.0
1727291408470,0.6828,0.0
1727291408054,0.6828,0.0
1727291408223,0.68279,0.0
1727291408685,0.68279,0.0
1727291409462,0.68277,0.0
1727291409135,0.68279,0.0
1727291409935,0.68279,0.0
1727291412449,0.6828,0.0
1727291412801,0.6828,0.0
1727291413213,0.682805,0.0
1727291414935,0.68281,0.0
1727291417578,0.68281,0.0
1727291418940,0.682785,0.0
1727291419945,0.68279,0.0
1727291420362,0.6828,0.0
1727291420889,0.682805,0.0
1727291421518,0.68279,0.0
1727291421697,0.6828,0.0
1727291422035,0.682795,0.0
1727291422966,0.6828,0.0
1727291423328,0.6828,0.0
1727291423390,0.682795,0.0
1727291423770,0.6828,0.0
1727291424498,0.682795,0.0
1727291425059,0.6828,0.0
1727291425851,0.68282,0.0
1727291426686,0.682815,0.0
1727291426933,0.68282,0.0
1727291427166,0.682815,0.0
1727291428506,0.682815,0.0
1727291429322,0.68281,0.0
1727291430382,0.682815,0.0
1727291431295,0.68283,0.0
1727291434815,0.682815,0.0
1727291435102,0.68281,0.0
1727291503996,0.682765,0.0
1727291504515,0.68276,0.0
1727291507107,0.68276,0.0
1727291509043,0.68273,0.0
1727291513051,0.68276,0.0
1727291518215,0.68273,0.0
1727291519232,0.682715,0.0
1727291519468,0.68272,0.0
1727291526772,0.68272,0.0
1727291533108,0.68272,0.0
1727291536541,0.682715,0.0
1727291536862,0.68272,0.0
1727291538531,0.682715,0.0
1727291539415,0.68272,0.0
1727291538991,0.68272,0.0
1727291539660,0.68273,0.0
1727291544248,0.682735,0.0
1727291544307,0.68273,0.0
1727291547262,0.682755,0.0
1727291547730,0.682765,0.0
1727291548554,0.682765,0.0
1727291549921,0.682765,0.0
1727291548411,0.68277,0.0
1727291552211,0.68276,0.0
1727291553029,0.682745,0.0
1727291557831,0.682715,0.0
1727291558221,0.682715,0.0
1727291623629,0.682755,0.0
1727291623730,0.68276,0.0
1727291624650,0.68276,0.0
1727291626626,0.682745,0.0
1727291630529,0.682755,0.0
1727291631179,0.682755,0.0
1727291631236,0.68275,0.0
1727291635551,0.68275,0.0
1727291641280,0.68273,0.0
1727291650745,0.682755,0.0
1727291651206,0.68277,0.0
1727291653816,0.682795,0.0
1727291661632,0.682785,0.0
1727291664228,0.68275,0.0
1727291672283,0.68271,0.0
1727291674712,0.68267,0.0
1727291727685,0.68254,0.0
1727291740497,0.682575,0.0
1727291751972,0.68259,0.0
1727291754116,0.682615,0.0
1727291755424,0.682625,0.0
1727291764656,0.68262,0.0
1727291764770,0.682625,0.0
1727291765890,0.682625,0.0
1727291766492,0.68262,0.0
1727291767201,0.682625,0.0
1727291771505,0.68264,0.0
1727291776872,0.682635,0.0
1727291784164,0.68259,0.0
1727291785854,0.682575,0.0
1727291862048,0.682635,0.0
1727291870583,0.682605,0.0
1727291870908,0.68262,0.0
1727291871017,0.682605,0.0
1727291874817,0.682595,0.0
1727291874167,0.682585,0.0
1727291875361,0.682595,0.0
1727291881864,0.68261,0.0
1727291882335,0.68261,0.0
1727291883342,0.68263,0.0
1727291888519,0.68263,0.0
1727291888837,0.6826,0.0
1727291897118,0.68263,0.0
1727291905910,0.682615,0.0
1727291991811,0.68254,0.0
1727291999284,0.68256,0.0
1727291999509,0.68255,0.0
1727292000734,0.68256,0.0
1727292005209,0.68258,0.0
1727292015469,0.6826,0.0
1727292016098,0.682595,0.0
1727292017151,0.6826,0.0
1727292018059,0.6826,0.0
1727292021663,0.682595,0.0
1727292021882,0.68259,0.0
1727292021940,0.682595,0.0
1727292023618,0.68259,0.0
1727292023689,0.682605,0.0
1727292028599,0.68259,0.0
1727292028411,0.68259,0.0
1727292029185,0.682585,0.0
1727292030564,0.682585,0.0
1727292030256,0.68259,0.0
1727292030948,0.682595,0.0
1727292031574,0.682585,0.0
1727292031453,0.682595,0.0
1727292033664,0.68259,0.0
1727292033860,0.682585,0.0
1727292104486,0.682605,0.0
1727292105409,0.68259,0.0
1727292112259,0.682595,0.0
1727292112811,0.6826,0.0
1727292114002,0.6826,0.0
1727292120888,0.6826,0.0
1727292125883,0.682565,0.0
1727292127227,0.68256,0.0
1727292133147,0.682565,0.0
1727292134842,0.68258,0.0
1727292135153,0.682565,0.0
1727292143181,0.68256,0.0
1727292146129,0.682585,0.0
1727292146349,0.68258,0.0
1727292154133,0.682595,0.0
1727292227528,0.682565,0.0
1727292227814,0.682565,0.0
1727292233018,0.682565,0.0
1727292233225,0.68256,0.0
1727292239358,0.68255,0.0
1727292240424,0.68254,0.0
1727292240173,0.682535,0.0
1727292240486,0.682545,0.0
1727292240808,0.682545,0.0
1727292242201,0.682535,0.0
1727292241421,0.68255,0.0
1727292246682,0.682565,0.0
1727292246735,0.68256,0.0
1727292255892,0.682565,0.0
1727292256917,0.68256,0.0
1727292260609,0.682565,0.0
1727292261190,0.68256,0.0
1727292262334,0.682545,0.0
1727292263346,0.682545,0.0
1727292263639,0.68254,0.0
1727292267621,0.682535,0.0
1727292268614,0.68253,0.0
1727292269193,0.68254,0.0
1727292269869,0.682535,0.0
1727292272633,0.682535,0.0
1727292272720,0.68254,0.0
1727292274976,0.682545,0.0
1727292276143,0.68254,0.0
1727292342677,0.68255,0.0
1727292343813,0.68255,0.0
1727292345851,0.682545,0.0
1727292346046,0.682555,0.0
1727292348877,0.68254,0.0
1727292349241,0.68254,0.0
1727292349497,0.682545,0.0
1727292356522,0.68254,0.0
1727292357207,0.68255,0.0
1727292358060,0.68257,0.0
1727292357483,0.68255,0.0
1727292357759,0.68255,0.0
1727292358009,0.68256,0.0
1727292358294,0.682565,0.0
1727292360499,0.682585,0.0
1727292360710,0.68257,0.0
1727292361016,0.682565,0.0
1727292362458,0.682565,0.0
1727292362652,0.682555,0.0
1727292367215,0.68255,0.0
1727292368117,0.68255,0.0
1727292370374,0.68255,0.0
1727292370263,0.68255,0.0
1727292372048,0.68256,0.0
1727292379749,0.682545,0.0
1727292380023,0.682545,0.0
1727292380158,0.68255,0.0
1727292384663,0.68256,0.0
1727292395501,0.682555,0.0
1727292395876,0.68255,0.0
1727292396226,0.682555,0.0
1727292396576,0.68255,0.0
1727292396904,0.682555,0.0
1727292397119,0.682555,0.0
1727292397716,0.682545,0.0
1727292398250,0.682555,0.0
1727292398446,0.68254,0.0
1727292398943,0.682545,0.0
1727292465370,0.68252,0.0
1727292473270,0.68252,0.0
1727292476726,0.682505,0.0
1727292477575,0.682495,0.0
1727292477842,0.682495,0.0
1727292478105,0.6825,0.0
1727292477987,0.682495,0.0
1727292478524,0.6825,0.0
1727292479035,0.682505,0.0
1727292479252,0.682505,0.0
1727292479682,0.682505,0.0
1727292482092,0.6825,0.0
1727292482152,0.682505,0.0
1727292493083,0.6825,0.0
1727292493145,0.6825,0.0
1727292493508,0.682505,0.0
1727292496374,0.682525,0.0
1727292499681,0.682515,0.0
1727292501813,0.68252,0.0
1727292502309,0.682495,0.0
1727292502448,0.6825,0.0
1727292503512,0.682505,0.0
1727292506377,0.682505,0.0
1727292507587,0.682495,0.0
1727292507949,0.68251,0.0
1727292507888,0.682495,0.0
1727292510326,0.6825,0.0
1727292510974,0.682495,0.0
1727292511394,0.6825,0.0
1727292516606,0.682505,0.0
1727292517092,0.682505,0.0
1727292518892,0.6825,0.0
1727292519001,0.682505,0.0
1727292520719,0.6825,0.0
1727292524011,0.68249,0.0
1727292584609,0.68244,0.0
1727292586085,0.682435,0.0
1727292586467,0.68244,0.0
1727292586759,0.68244,0.0
1727292586975,0.68244,0.0
1727292587620,0.68245,0.0
1727292587376,0.682455,0.0
1727292587701,0.68244,0.0
1727292588369,0.68245,0.0
1727292589210,0.682455,0.0
1727292589509,0.682465,0.0
1727292590245,0.682465,0.0
1727292590607,0.68248,0.0
1727292593424,0.68248,0.0
1727292594008,0.682475,0.0
1727292595503,0.68249,0.0
1727292597341,0.68248,0.0
1727292598030,0.68247,0.0
1727292598195,0.682465,0.0
1727292599307,0.68247,0.0
1727292598534,0.68247,0.0
1727292598712,0.682465,0.0
1727292599531,0.682465,0.0
1727292599767,0.68247,0.0
1727292599982,0.682465,0.0
1727292600385,0.682455,0.0
1727292600626,0.682455,0.0
1727292601378,0.68245,0.0
1727292601750,0.682455,0.0
1727292601617,0.682455,0.0
1727292600906,0.68245,0.0
1727292601167,0.682455,0.0
1727292602042,0.68245,0.0
1727292605455,0.68244,0.0
1727292603176,0.682435,0.0
1727292606363,0.68246,0.0
1727292605105,0.682435,0.0
1727292611619,0.68246,0.0
1727292604032,0.68244,0.0
1727292612320,0.68247,0.0
1727292613535,0.682475,0.0
1727292612684,0.682475,0.0
1727292612841,0.68247,0.0
1727292615997,0.68249,0.0
1727292618008,0.68249,0.0
1727292617939,0.68249,0.0
1727292619657,0.68247,0.0
1727292619121,0.682485,0.0
1727292620678,0.682495,0.0
1727292620896,0.682495,0.0
1727292622410,0.6825,0.0
1727292627906,0.6825,0.0
1727292632960,0.68249,0.0
1727292633749,0.68248,0.0
1727292635427,0.682475,0.0
1727292635917,0.68247,0.0
1727292636353,0.682475,0.0
1727292640105,0.68247,0.0
1727292640273,0.682475,0.0
1727292640891,0.68248,0.0
1727292711371,0.68244,0.0
1727292712134,0.68245,0.0
1727292716227,0.682445,0.0
1727292717094,0.68245,0.0
1727292718012,0.68245,0.0
1727292719220,0.682445,0.0
1727292719356,0.68245,0.0
1727292720121,0.682455,0.0
1727292720857,0.682455,0.0
1727292721870,0.68245,0.0
1727292722207,0.68248,0.0
1727292721769,0.68245,0.0
1727292808876,0.68237,0.0
1727292817779,0.682375,0.0
1727292818012,0.682385,0.0
1727292819421,0.68237,0.0
1727292819672,0.682375,0.0
1727292819866,0.68238,0.0
1727292820215,0.68238,0.0
1727292820406,0.682375,0.0
1727292820712,0.682375,0.0
1727292822125,0.68237,0.0
1727292825285,0.682365,0.0
1727292826478,0.68235,0.0
1727292826730,0.68237,0.0
1727292826960,0.682365,0.0
1727292827451,0.68235,0.0
1727292828167,0.682365,0.0
1727292827725,0.682355,0.0
1727292827877,0.68237,0.0
1727292828501,0.68237,0.0
1727292828751,0.682355,0.0
1727292829445,0.682365,0.0
1727292834678,0.682365,0.0
1727292836697,0.682345,0.0
1727292838431,0.68232,0.0
1727292838240,0.682315,0.0
1727292839337,0.682315,0.0
1727292839594,0.68232,0.0
1727292842199,0.682315,0.0
1727292842660,0.68232,0.0
1727292843511,0.682315,0.0
1727292843746,0.68232,0.0
1727292845490,0.682325,0.0
1727292845769,0.68232,0.0
1727292849534,0.682335,0.0
1727292852048,0.68237,0.0
1727292852105,0.682365,0.0
1727292854643,0.68237,0.0
1727292855269,0.68237,0.0
1727292855691,0.682365,0.0
1727292856015,0.68237,0.0
1727292857045,0.682365,0.0
1727292857235,0.682355,0.0
1727292857983,0.68234,0.0
1727292858286,0.682345,0.0
1727292860260,0.68233,0.0
1727292860463,0.682325,0.0
1727292861026,0.682335,0.0
1727292861202,0.682335,0.0
1727292860827,0.682315,0.0
1727292862278,0.682325,0.0
1727292862600,0.68233,0.0
1727292865095,0.682295,0.0
1727292865752,0.68231,0.0
1727292865986,0.682295,0.0
1727292866528,0.68231,0.0
1727292866898,0.682295,0.0
1727292867167,0.68231,0.0
1727292867460,0.682295,0.0
1727292867656,0.68231,0.0
1727292940978,0.682355,0.0
1727292941183,0.68235,0.0
1727292941395,0.68235,0.0
1727292946827,0.682355,0.0
1727292951582,0.68235,0.0
1727292954171,0.682355,0.0
1727292954325,0.682355,0.0
1727292954644,0.68233,0.0
1727292960254,0.68233,0.0
1727292964537,0.682325,0.0
1727292964725,0.68232,0.0
1727292965768,0.682325,0.0
1727292966803,0.682325,0.0
1727292967398,0.682325,0.0
1727292969546,0.682325,0.0
1727292969600,0.68233,0.0
1727292971745,0.682325,0.0
1727292972054,0.682315,0.0
1727292972580,0.682315,0.0
1727292975185,0.68231,0.0
1727292976817,0.682315,0.0
1727292976280,0.68231,0.0
1727292976486,0.682315,0.0
1727292977014,0.68232,0.0
1727292977260,0.682315,0.0
1727292977356,0.68231,0.0
1727292978547,0.682325,0.0
1727292980778,0.682325,0.0
1727292984556,0.68229,0.0
1727292986760,0.68229,0.0
1727293051233,0.682275,0.0
1727293055209,0.682265,0.0
1727293058209,0.682255,0.0
1727293058398,0.68226,0.0
1727293060309,0.68225,0.0
1727293060432,0.68226,0.0
1727293062705,0.68227,0.0
1727293063027,0.682275,0.0
1727293063108,0.68227,0.0
1727293063332,0.682275,0.0
1727293065245,0.68227,0.0
1727293066197,0.682275,0.0
1727293066390,0.68227,0.0
1727293066699,0.68226,0.0
1727293066699,0.68226,0.0
1727293077825,0.682245,0.0
1727293078842,0.68224,0.0
1727293088773,0.68224,0.0
1727293089273,0.68223,0.0
1727293094106,0.682225,0.0
1727293094169,0.68223,0.0
1727293105886,0.68224,0.0
1727293105988,0.68224,0.0
1727293177810,0.682155,0.0
1727293178683,0.68214,0.0
1727293178741,0.682145,0.0
1727293183592,0.682145,0.0
1727293184569,0.682125,0.0
1727293187687,0.682165,0.0
1727293197249,0.682195,0.0
1727293198063,0.682185,0.0
1727293198510,0.682195,0.0
1727293199227,0.682195,0.0
1727293199617,0.68218,0.0
1727293199893,0.68219,0.0
1727293200277,0.68218,0.0
1727293201145,0.68219,0.0
1727293200946,0.682195,0.0
1727293207426,0.68221,0.0
1727293207789,0.682205,0.0
1727293208536,0.68221,0.0
1727293207980,0.68221,0.0
1727293208179,0.682205,0.0
1727293209034,0.682205,0.0
1727293209195,0.68221,0.0
1727293209427,0.682205,0.0
1727293210011,0.68221,0.0
1727293210574,0.68221,0.0
1727293211128,0.682205,0.0
1727293210438,0.682205,0.0
1727293212056,0.682195,0.0
1727293212939,0.682205,0.0
1727293212764,0.68221,0.0
1727293213175,0.68221,0.0
1727293214521,0.682195,0.0
1727293228509,0.68219,0.0
1727293233680,0.682205,0.0
1727293292692,0.682225,0.0
1727293294821,0.68223,0.0
1727293294948,0.682225,0.0
1727293296095,0.68222,0.0
1727293296413,0.68222,0.0
1727293297177,0.68222,0.0
1727293297353,0.682225,0.0
1727293297529,0.682225,0.0
1727293297789,0.68222,0.0
1727293298065,0.682225,0.0
1727293298658,0.682225,0.0
1727293300792,0.682225,0.0
1727293301495,0.68222,0.0
1727293301185,0.682225,0.0
1727293301827,0.68223,0.0
1727293304117,0.68223,0.0
1727293305189,0.682225,0.0
1727293305574,0.68222,0.0
1727293307011,0.682225,0.0
1727293307921,0.68223,0.0
1727293306447,0.682225,0.0
1727293308346,0.682235,0.0
1727293307672,0.682225,0.0
1727293308177,0.682235,0.0
1727293306845,0.68222,0.0
1727293314051,0.682225,0.0
1727293313851,0.68223,0.0
1727293315404,0.68222,0.0
1727293315055,0.68223,0.0
1727293315495,0.682225,0.0
1727293315931,0.68222,0.0
1727293316145,0.682225,0.0
1727293316403,0.682225,0.0
1727293316691,0.68222,0.0
1727293316948,0.68223,0.0
1727293317156,0.682225,0.0
1727293317260,0.68222,0.0
1727293317476,0.682225,0.0
1727293318194,0.68222,0.0
1727293318614,0.682225,0.0
1727293319183,0.682225,0.0
1727293319290,0.682225,0.0
1727293320701,0.68222,0.0
1727293320258,0.68222,0.0
1727293320759,0.682225,0.0
1727293321015,0.68221,0.0
1727293321541,0.68222,0.0
1727293322315,0.682225,0.0
1727293323824,0.68221,0.0
1727293323182,0.68221,0.0
1727293323387,0.68222,0.0
1727293324577,0.68222,0.0
1727293325439,0.68222,0.0
1727293324149,0.68221,0.0
1727293324814,0.682225,0.0
1727293325640,0.68223,0.0
1727293325841,0.682225,0.0
1727293327073,0.68222,0.0
1727293330067,0.682205,0.0
1727293330864,0.682195,0.0
1727293338287,0.682185,0.0
1727293340809,0.68219,0.0
1727293337237,0.68219,0.0
1727293341051,0.682185,0.0
1727293341438,0.68217,0.0
1727293343376,0.682175,0.0
1727293344177,0.68217,0.0
1727293343867,0.682175,0.0
1727293346106,0.68218,0.0
1727293345508,0.682175,0.0
1727293349343,0.68217,0.0
1727293349557,0.682175,0.0
1727293349165,0.682175,0.0
1727293354054,0.68219,0.0
1727293415452,0.682175,0.0
1727293416178,0.68218,0.0
1727293419182,0.68215,0.0
1727293419456,0.68216,0.0
1727293419842,0.68216,0.0
1727293420689,0.682155,0.0
1727293420748,0.682165,0.0
1727293421096,0.68216,0.0
1727293426435,0.682155,0.0
1727293426497,0.68216,0.0
1727293427414,0.682155,0.0
1727293427551,0.68216,0.0
1727293428868,0.682175,0.0
1727293428391,0.68216,0.0
1727293429077,0.68217,0.0
1727293430232,0.68219,0.0
1727293430503,0.68219,0.0
1727293431418,0.682185,0.0
1727293431802,0.682175,0.0
1727293432169,0.68217,0.0
1727293434760,0.682175,0.0
1727293435470,0.68218,0.0
1727293436496,0.682175,0.0
1727293437509,0.68219,0.0
1727293442748,0.68219,0.0
1727293442806,0.682185,0.0
1727293443188,0.68219,0.0
1727293444467,0.68218,0.0
1727293444237,0.682175,0.0
1727293445166,0.682175,0.0
1727293445388,0.682175,0.0
1727293446519,0.68218,0.0
1727293450233,0.68218,0.0
1727293451279,0.68218,0.0
1727293452286,0.682175,0.0
1727293452530,0.68217,0.0
1727293453308,0.682175,0.0
1727293453451,0.68217,0.0
1727293454045,0.68218,0.0
1727293454151,0.682175,0.0
1727293454543,0.682175,0.0
1727293454597,0.68217,0.0
1727293456044,0.682175,0.0
1727293456803,0.68218,0.0
1727293457284,0.682175,0.0
1727293457570,0.682175,0.0
1727293459012,0.68217,0.0
1727293459459,0.682175,0.0
1727293460306,0.68217,0.0
1727293461218,0.68216,0.0
1727293467424,0.68216,0.0
1727293468751,0.682155,0.0
1727293469051,0.68216,0.0
1727293469889,0.682155,0.0
1727293470036,0.68216,0.0
1727293471592,0.682155,0.0
1727293472307,0.68216,0.0
1727293535578,0.682165,0.0
1727293536345,0.682165,0.0
1727293537115,0.682165,0.0
1727293537309,0.68218,0.0
1727293541665,0.68218,0.0
1727293552416,0.682195,0.0
1727293560873,0.682205,0.0
1727293561058,0.6822,0.0
1727293561733,0.682205,0.0
1727293562051,0.6822,0.0
1727293569114,0.6822,0.0
1727293570063,0.682205,0.0
1727293572153,0.6822,0.0
1727293573189,0.682185,0.0
1727293573355,0.68218,0.0
1727293574981,0.68218,0.0
1727293578556,0.682205,0.0
1727293579992,0.6822,0.0
1727293581381,0.682175,0.0
1727293581248,0.682185,0.0
1727293590605,0.682135,0.0
1727293590515,0.68213,0.0
1727293590878,0.68213,0.0
1727293662351,0.682175,0.0
1727293663302,0.68218,0.0
1727293664985,0.682175,0.0
1727293665283,0.68218,0.0
1727293665899,0.68218,0.0
1727293666326,0.682175,0.0
1727293668211,0.682175,0.0
1727293668530,0.68218,0.0
1727293671001,0.682185,0.0
1727293671176,0.682175,0.0
1727293674589,0.68217,0.0
1727293680231,0.682175,0.0
1727293680587,0.68217,0.0
1727293681532,0.682175,0.0
1727293681895,0.68217,0.0
1727293686124,0.68217,0.0
1727293685934,0.68217,0.0
1727293689035,0.68219,0.0
1727293689261,0.682175,0.0
1727293689577,0.682185,0.0
1727293688322,0.68218,0.0
1727293690495,0.682175,0.0
1727293690675,0.682185,0.0
1727293691638,0.682175,0.0
1727293692066,0.682185,0.0
1727293692222,0.682225,0.0
1727293693052,0.68222,0.0
1727293693677,0.682225,0.0
1727293693581,0.68222,0.0
1727293694695,0.68222,0.0
1727293695674,0.68222,0.0
1727293695071,0.68222,0.0
1727293696007,0.68222,0.0
1727293695248,0.682225,0.0
1727293697035,0.68222,0.0
1727293697237,0.682225,0.0
1727293697989,0.68222,0.0
1727293698340,0.682225,0.0
1727293698405,0.68223,0.0
1727293700789,0.682245,0.0
1727293701547,0.682215,0.0
1727293701380,0.68222,0.0
1727293701759,0.68222,0.0
1727293702045,0.682215,0.0
1727293702214,0.68222,0.0
1727293703053,0.682215,0.0
1727293703598,0.68222,0.0
1727293703854,0.682215,0.0
1727293705244,0.68222,0.0
1727293705931,0.682215,0.0
1727293709992,0.682245,0.0
1727293709657,0.68225,0.0
1727293711943,0.68224,0.0
1727293711615,0.68223,0.0
1727293712824,0.68223,0.0
1727293713066,0.68224,0.0
1727293715493,0.68226,0.0
1727293780104,0.682235,0.0
1727293782053,0.68223,0.0
1727293783821,0.682255,0.0
1727293792462,0.68227,0.0
1727293794430,0.68228,0.0
1727293794673,0.682275,0.0
1727293795053,0.68228,0.0
1727293795118,0.682275,0.0
1727293795451,0.68228,0.0
1727293795566,0.682275,0.0
1727293796017,0.68227,0.0
1727293797281,0.682275,0.0
1727293797426,0.68227,0.0
1727293798522,0.682255,0.0
1727293799028,0.68226,0.0
1727293799239,0.68225,0.0
1727293799479,0.682245,0.0
1727293800752,0.68228,0.0
1727293803317,0.682295,0.0
1727293801697,0.68227,0.0
1727293803395,0.68229,0.0
1727293806435,0.682295,0.0
1727293802064,0.682275,0.0
1727293802189,0.68228,0.0
1727293805052,0.682295,0.0
1727293807827,0.682295,0.0
1727293806810,0.68229,0.0
1727293805125,0.68229,0.0
1727293806964,0.68229,0.0
1727293808351,0.68231,0.0
1727293805445,0.682295,0.0
1727293808410,0.6823,0.0
1727293805776,0.68229,0.0
1727293808665,0.68231,0.0
1727293808973,0.6823,0.0
1727293809429,0.68231,0.0
1727293810071,0.6823,0.0
1727293800109,0.68228,0.0
1727293811993,0.68231,0.0
1727293810252,0.68231,0.0
1727293812824,0.682295,0.0
1727293812344,0.68231,0.0
1727293811825,0.6823,0.0
1727293812513,0.6823,0.0
1727293810542,0.6823,0.0
1727293816086,0.6823,0.0
1727293800543,0.682275,0.0
1727293816494,0.68229,0.0
1727293817467,0.6823,0.0
1727293817897,0.68229,0.0
1727293818644,0.68229,0.0
1727293819449,0.6823,0.0
1727293819674,0.68229,0.0
1727293820334,0.68229,0.0
1727293819953,0.6823,0.0
1727293821053,0.6823,0.0
1727293821237,0.68229,0.0
1727293821514,0.6823,0.0
1727293822010,0.68229,0.0
1727293824847,0.682295,0.0
1727293826054,0.68229,0.0
1727293830183,0.682295,0.0
1727293830308,0.68231,0.0
1727293830669,0.68231,0.0
1727293831950,0.682295,0.0
1727293832221,0.68231,0.0
1727293832950,0.682295,0.0
1727293833228,0.68231,0.0
1727293836442,0.68228,0.0
1727293836581,0.682275,0.0
1727293836908,0.68228,0.0
1727293838200,0.68228,0.0
1727293841999,0.682275,0.0
1727293842366,0.68227,0.0
1727293842595,0.68227,0.0
1727293845995,0.682255,0.0
1727293846506,0.68226,0.0
1727293846923,0.68226,0.0
1727293847427,0.682255,0.0
1727293848053,0.68226,0.0
1727293848287,0.682245,0.0
1727293848597,0.682255,0.0
1727293849054,0.68225,0.0
1727293851747,0.68225,0.0
1727293851956,0.68226,0.0
1727293915341,0.68226,0.0
1727293915095,0.682255,0.0
1727293914343,0.68226,0.0
1727293916037,0.68226,0.0
1727293916220,0.682255,0.0
1727293916424,0.68226,0.0
1727293917377,0.682255,0.0
1727293916986,0.68225,0.0
1727293917627,0.68225,0.0
1727293916783,0.682255,0.0
1727293917823,0.682255,0.0
1727293918256,0.68225,0.0
1727293923151,0.68225,0.0
1727293924794,0.682245,0.0
1727293925288,0.682245,0.0
1727293926277,0.682245,0.0
1727293927037,0.682245,0.0
1727293927878,0.68225,0.0
1727293928096,0.682245,0.0
1727293932981,0.68221,0.0
1727293935424,0.68222,0.0
1727293940086,0.682205,0.0
1727293941332,0.68221,0.0
1727293941897,0.682205,0.0
1727293941648,0.682205,0.0
1727293942279,0.68221,0.0
1727293942820,0.682225,0.0
1727293942987,0.68222,0.0
1727293956164,0.682225,0.0
1727293958056,0.68222,0.0
1727293959067,0.682225,0.0
1727293960038,0.68222,0.0
1727293960281,0.682225,0.0
1727293961954,0.68222,0.0
1727293964546,0.682225,0.0
1727293965051,0.68222,0.0
1727293967511,0.682205,0.0
1727294036754,0.68219,0.0
1727294037447,0.682185,0.0
1727294037674,0.682195,0.0
1727294039177,0.68221,0.0
1727294039333,0.682205,0.0
1727294039923,0.682205,0.0
1727294042196,0.68221,0.0
1727294042518,0.68221,0.0
1727294042708,0.68221,0.0
1727294042833,0.682215,0.0
1727294043218,0.68222,0.0
1727294044733,0.68221,0.0
1727294044801,0.682215,0.0
1727294045082,0.6822,0.0
1727294048760,0.68221,0.0
1727294053878,0.68221,0.0
1727294054518,0.682205,0.0
1727294054892,0.68221,0.0
1727294055135,0.682215,0.0
1727294058920,0.682205,0.0
1727294063281,0.682205,0.0
1727294063474,0.68221,0.0
1727294064327,0.68221,0.0
1727294064172,0.682205,0.0
1727294066260,0.68221,0.0
1727294066151,0.682205,0.0
1727294067912,0.682195,0.0
1727294069143,0.6822,0.0
1727294069369,0.682205,0.0
1727294070080,0.6822,0.0
1727294071417,0.6822,0.0
1727294075424,0.682185,0.0
1727294075862,0.68215,0.0
1727294076022,0.682125,0.0
1727294076689,0.682125,0.0
1727294076900,0.682135,0.0
1727294077260,0.682125,0.0
1727294077497,0.682135,0.0
1727294077777,0.682125,0.0
1727294078535,0.682125,0.0
1727294079169,0.682125,0.0
1727294079841,0.682165,0.0
1727294085053,0.682175,0.0
1727294087669,0.6822,0.0
1727294086204,0.68219,0.0
1727294086622,0.682175,0.0
1727294083138,0.682185,0.0
1727294145660,0.682035,0.0
1727294124889,0.682085,0.0
1727294125051,0.68209,0.0
1727294151874,0.68204,0.0
1727294135051,0.68208,0.0
1727294152150,0.682035,0.0
1727294152487,0.68205,0.0
1727294162691,0.68204,0.0
1727294152659,0.68204,0.0
1727294163157,0.682035,0.0
1727294163408,0.68204,0.0
1727294163718,0.682025,0.0
1727294160048,0.68203,0.0
1727294157748,0.68206,0.0
1727294165965,0.682025,0.0
1727294164752,0.68205,0.0
1727294166466,0.682035,0.0
1727294178575,0.68202,0.0
1727294164863,0.682035,0.0
1727294178723,0.68202,0.0
1727294166776,0.68203,0.0
1727294150436,0.68204,0.0
1727294162184,0.682035,0.0
1727294166884,0.68202,0.0
1727294162499,0.682045,0.0
1727294183205,0.682015,0.0
1727294184855,0.68202,0.0
1727294184956,0.682025,0.0
1727294188552,0.682015,0.0
1727294185572,0.68203,0.0
1727294187246,0.68201,0.0
1727294188860,0.682015,0.0
1727294187482,0.68202,0.0
1727294189217,0.68202,0.0
1727294194073,0.682035,0.0
1727294194234,0.68204,0.0
1727294196663,0.68204,0.0
1727294189794,0.682015,0.0
1727294194774,0.682035,0.0
1727294196736,0.682035,0.0
1727294196956,0.68205,0.0
1727294190801,0.68202,0.0
1727294204953,0.68202,0.0
1727294192059,0.682025,0.0
1727294171797,0.68204,0.0
1727294172008,0.682045,0.0
1727294192473,0.68202,0.0
1727294323557,0.681975,0.0
1727294324521,0.68197,0.0
1727294324588,0.681975,0.0
1727294330475,0.681995,0.0
1727294331085,0.68198,0.0
1727294341115,0.68198,0.0
1727294341045,0.681975,0.0
1727294347344,0.68197,0.0
1727294347503,0.68197,0.0
1727294349244,0.681975,0.0
1727294349009,0.68197,0.0
1727294352552,0.681955,0.0
1727294348091,0.681975,0.0
1727294352830,0.681965,0.0
1727294353051,0.681955,0.0
1727294358169,0.68193,0.0
1727294353344,0.681955,0.0
1727294349864,0.68197,0.0
1727294356220,0.68194,0.0
1727294353825,0.68197,0.0
1727294357047,0.681935,0.0
1727294354261,0.681955,0.0
1727294350837,0.68197,0.0
1727294357710,0.681935,0.0
1727294344953,0.68198,0.0
1727294368612,0.68195,0.0
1727294368848,0.681935,0.0
1727294369181,0.681945,0.0
1727294380984,0.68191,0.0
1727294410554,0.681955,0.0
1727294369406,0.681935,0.0
1727294412870,0.68197,0.0
1727294369549,0.68194,0.0
1727294413066,0.681955,0.0
1727294414139,0.68195,0.0
1727294414292,0.68195,0.0
1727294414920,0.681955,0.0
1727294414993,0.68195,0.0
1727294415200,0.681955,0.0
1727294417464,0.68197,0.0
1727294417793,0.681955,0.0
1727294444945,0.681905,0.0
1727294445197,0.6819,0.0
1727294445688,0.681905,0.0
1727294446014,0.6819,0.0
1727294446288,0.681905,0.0
1727294446758,0.6819,0.0
1727294447178,0.6819,0.0
1727294420103,0.68197,0.0
1727294420396,0.68197,0.0
1727294420654,0.681955,0.0
1727294449476,0.68192,0.0
1727294449657,0.681935,0.0
1727294422865,0.681955,0.0
1727294454861,0.68192,0.0
1727294423633,0.68195,0.0
1727294455326,0.68192,0.0
1727294423963,0.681955,0.0
1727294424388,0.68195,0.0
1727294457325,0.681925,0.0
1727294370337,0.681915,0.0
1727294425693,0.68194,0.0
1727294426051,0.681945,0.0
1727294459654,0.68192,0.0
1727294459932,0.681935,0.0
1727294460389,0.68195,0.0
1727294460881,0.681945,0.0
1727294461105,0.681945,0.0
1727294462731,0.681955,0.0
1727294463126,0.68195,0.0
1727294465625,0.681925,0.0
1727294429598,0.681945,0.0
1727294429785,0.68195,0.0
1727294433162,0.681945,0.0
1727294466380,0.68195,0.0
1727294403610,0.68195,0.0
1727294403667,0.681955,0.0
1727294404158,0.68195,0.0
1727294391351,0.68189,0.0
1727294568307,0.681875,0.0
1727294567903,0.681885,0.0
1727294569209,0.681875,0.0
1727294571274,0.681875,0.0
1727294404351,0.681955,0.0
1727294374867,0.681915,0.0
1727294375133,0.681885,0.0
1727294375431,0.68189,0.0
1727294375681,0.681885,0.0
1727294375947,0.68189,0.0
1727294581082,0.68189,0.0
1727294376109,0.68189,0.0
1727294392060,0.681885,0.0
1727294405563,0.68197,0.0
1727294376272,0.68188,0.0
1727294405749,0.68196,0.0
1727294392354,0.681885,0.0
1727294596451,0.681885,0.0
1727294597264,0.681835,0.0
1727294392446,0.68188,0.0
1727294600197,0.68182,0.0
1727294600512,0.681835,0.0
1727294406387,0.68197,0.0
1727294406563,0.681975,0.0
1727294407150,0.68196,0.0
1727294393072,0.68191,0.0
1727294407864,0.681945,0.0
1727294408122,0.68195,0.0
1727294610587,0.68184,0.0
1727294408231,0.681945,0.0
1727294393589,0.681925,0.0
1727294611283,0.68187,0.0
1727294612471,0.681925,0.0
1727294393685,0.68189,0.0
1727294691953,0.681975,0.0
1727294707250,0.68199,0.0
1727294707250,0.68199,0.0
1727294725541,0.68197,0.0
1727294732482,0.681925,0.0
1727294815547,0.68188,0.0
1727294816012,0.681875,0.0
1727294816187,0.681875,0.0
1727294816346,0.681885,0.0
1727294826505,0.681885,0.0
1727294828018,0.68188,0.0
1727294828068,0.681885,0.0
1727294833056,0.681875,0.0
1727294839222,0.68188,0.0
1727294839403,0.68188,0.0
1727294840038,0.681885,0.0
1727294845475,0.68186,0.0
1727294845765,0.681835,0.0
1727294846603,0.68184,0.0
1727294859043,0.681835,0.0
1727294930449,0.681905,0.0
1727294938138,0.681905,0.0
1727294938190,0.681885,0.0
1727294938447,0.68189,0.0
1727294967016,0.681885,0.0
1727294967612,0.681885,0.0
1727294975504,0.68189,0.0
1727294976496,0.68189,0.0
1727294982129,0.681895,0.0
1727295063697,0.68205,0.0
1727295064165,0.682055,0.0
1727295067379,0.68205,0.0
1727295068120,0.682055,0.0
1727295072164,0.682085,0.0
1727295072853,0.682085,0.0
1727295073060,0.68208,0.0
1727295079904,0.682085,0.0
1727295080460,0.682095,0.0
1727295081064,0.68209,0.0
1727295082623,0.68208,0.0
1727295083336,0.682085,0.0
1727295084061,0.68208,0.0
1727295093650,0.68205,0.0
1727295094199,0.682045,0.0
1727295094931,0.68204,0.0
1727295095253,0.682045,0.0
1727295096015,0.682045,0.0
1727295096346,0.68204,0.0
1727295097653,0.682055,0.0
1727295107037,0.68209,0.0
1727295167311,0.68209,0.0
1727295172455,0.682105,0.0
1727295173066,0.682105,0.0
1727295173896,0.682125,0.0
1727295181562,0.682135,0.0
1727295182859,0.68213,0.0
1727295183330,0.68208,0.0
1727295183618,0.68209,0.0
1727295183904,0.68209,0.0
1727295184442,0.682095,0.0
1727295189228,0.68209,0.0
1727295190645,0.682095,0.0
1727295193627,0.68209,0.0
1727295201505,0.68209,0.0
1727295202015,0.682095,0.0
1727295206836,0.68209,0.0
1727295206897,0.682095,0.0
1727295213059,0.68209,0.0
1727295213552,0.682095,0.0
1727295300113,0.682195,0.0
1727295301169,0.68226,0.0
1727295301591,0.68228,0.0
1727295301642,0.682295,0.0
1727295304005,0.682285,0.0
1727295304188,0.682305,0.0
1727295310273,0.682295,0.0
1727295330113,0.682315,0.0
1727295330679,0.682295,0.0
1727295340348,0.682315,0.0
1727295340701,0.682295,0.0
1727295341204,0.68227,0.0
1727295341326,0.68229,0.0
1727295417210,0.6824,0.0
1727295418655,0.68242,0.0
1727295422508,0.68242,0.0
1727295422584,0.682425,0.0
1727295422817,0.68242,0.0
1727295424257,0.6824,0.0
1727295430261,0.682415,0.0
1727295445912,0.68246,0.0
1727295446916,0.682445,0.0
1727295457604,0.682455,0.0
1727295532213,0.68248,0.0
1727295533548,0.682495,0.0
1727295533548,0.682495,0.0
1727295571388,0.682515,0.0
1727295585772,0.682525,0.0
1727295586057,0.682525,0.0
1727295588612,0.68253,0.0
1727295654332,0.6824,0.0
1727295658242,0.68239,0.0
1727295658927,0.6824,0.0
1727295670724,0.6824,0.0
1727295671480,0.682415,0.0
1727295671872,0.68242,0.0
1727295672948,0.682415,0.0
1727295674140,0.682425,0.0
1727295674319,0.682415,0.0
1727295675982,0.68242,0.0
1727295676204,0.682415,0.0
1727295676471,0.682425,0.0
1727295676740,0.682415,0.0
1727295678053,0.68242,0.0
1727295678953,0.682425,0.0
1727295687990,0.682415,0.0
1727295696893,0.6824,0.0
1727295700057,0.682405,0.0
1727295787953,0.682395,0.0
1727295788223,0.68239,0.0
1727295798037,0.68239,0.0
1727295799069,0.68239,0.0
1727295800894,0.682395,0.0
1727295808384,0.682395,0.0
1727295813049,0.682395,0.0
1727295814063,0.68239,0.0
1727295814992,0.682395,0.0
1727295815570,0.68239,0.0
1727295819390,0.68239,0.0
1727295821581,0.682385,0.0
1727295821648,0.68239,0.0
1727295912664,0.682295,0.0
1727295912907,0.68229,0.0
1727295913260,0.682295,0.0
1727295914054,0.68229,0.0
1727295921733,0.682295,0.0
1727295922052,0.68229,0.0
1727295927709,0.68232,0.0
1727295932558,0.68232,0.0
1727295936167,0.6823,0.0
1727295941910,0.682265,0.0
1727295941988,0.68226,0.0
1727295945602,0.682265,0.0
1727296014477,0.6822,0.0
1727296030567,0.68219,0.0
1727296055735,0.682195,0.0
1727296056052,0.68219,0.0
1727296065896,0.682195,0.0
1727296067055,0.68219,0.0
1727296139950,0.68226,0.0
1727296142273,0.68228,0.0
1727296153511,0.68229,0.0
1727296153636,0.68228,0.0
1727296154006,0.682275,0.0
1727296154858,0.68228,0.0
1727296155105,0.68228,0.0
1727296155471,0.682285,0.0
1727296160307,0.68229,0.0
1727296170559,0.68227,0.0
1727296177575,0.68226,0.0
1727296182122,0.68226,0.0
1727296183590,0.682265,0.0
1727296183883,0.68226,0.0
1727296185143,0.682265,0.0
1727296261652,0.682275,0.0
1727296262053,0.68227,0.0
1727296267063,0.682275,0.0
1727296268715,0.68228,0.0
1727296268715,0.68228,0.0
1727296276572,0.682275,0.0
1727296278411,0.68228,0.0
1727296280559,0.682275,0.0
1727296281181,0.68228,0.0
1727296282315,0.68228,0.0
1727296284539,0.68228,0.0
1727296285746,0.682275,0.0
1727296287567,0.682275,0.0
1727296287933,0.68228,0.0
1727296288376,0.682275,0.0
1727296288497,0.68228,0.0
1727296291756,0.682275,0.0
1727296296917,0.68228,0.0
1727296305303,0.682275,0.0
1727296310707,0.682285,0.0
1727296312756,0.682275,0.0
1727296315396,0.68228,0.0
1727296317541,0.68228,0.0
1727296379802,0.682175,0.0
1727296380207,0.682185,0.0
1727296389402,0.682165,0.0
1727296406217,0.682165,0.0
1727296406217,0.682165,0.0
1727296500161,0.68213,0.0
1727296500279,0.682135,0.0
1727296509880,0.68213,0.0
1727296521546,0.682135,0.0
1727296522487,0.68213,0.0
1727296530768,0.682135,0.0
1727296539544,0.68213,0.0
1727296541398,0.682135,0.0
1727296545934,0.6821,0.0
1727296546156,0.682085,0.0
1727296546779,0.682075,0.0
1727296547146,0.68204,0.0
1727296547146,0.68204,0.0
1727296576412,0.682025,0.0
1727296633645,0.682045,0.0
1727296664743,0.682045,0.0
1727296724857,0.68206,0.0
1727296749665,0.682095,0.0
1727296757352,0.68214,0.0
1727296764857,0.68208,0.0
1727296764753,0.682105,0.0
1727296874163,0.68212,0.0
1727296879582,0.682125,0.0
1727296879752,0.68212,0.0
1727296881217,0.682155,0.0
1727296881273,0.68217,0.0
1727296883389,0.68219,0.0
1727296885161,0.682195,0.0
1727296885358,0.682195,0.0
1727296887716,0.682215,0.0
1727296888230,0.682215,0.0
1727296888293,0.682205,0.0
1727296888702,0.6822,0.0
1727296888903,0.6822,0.0
1727296889182,0.682205,0.0
1727296889298,0.682215,0.0
1727296889684,0.682215,0.0
1727296889858,0.6822,0.0
1727296890139,0.68221,0.0
1727296890367,0.6822,0.0
1727296890909,0.682205,0.0
1727296891053,0.682215,0.0
1727296891428,0.682215,0.0
1727296892268,0.6822,0.0
1727296892428,0.6822,0.0
1727296892786,0.682185,0.0
1727296892996,0.68219,0.0
1727296894025,0.682175,0.0
1727296895018,0.682185,0.0
1727296895068,0.68218,0.0
1727296895529,0.68218,0.0
1727296895769,0.68218,0.0
1727296896012,0.68217,0.0
1727296896385,0.682185,0.0
1727296896699,0.682175,0.0
1727296898293,0.68217,0.0
1727296898493,0.68218,0.0
1727296899013,0.68219,0.0
1727296899188,0.68219,0.0
1727296899492,0.68217,0.0
1727296900116,0.682185,0.0
1727296900465,0.68217,0.0
1727296900667,0.682175,0.0
1727296902285,0.68217,0.0
1727296985474,0.68218,0.0
1727296989511,0.6822,0.0
1727297005567,0.6822,0.0
1727297012899,0.6822,0.0
1727297022166,0.68221,0.0
1727297022570,0.68222,0.0
1727297024284,0.68223,0.0
1727297024417,0.68222,0.0
1727297026335,0.68223,0.0
1727297026419,0.68222,0.0
1727297026792,0.68223,0.0
1727297026910,0.68222,0.0
1727297027577,0.68222,0.0
1727297028001,0.68222,0.0
1727297028353,0.68223,0.0
1727297028405,0.68222,0.0
1727297029366,0.682215,0.0
1727297029492,0.68222,0.0
1727297029726,0.682215,0.0
1727297034864,0.682235,0.0
1727297035025,0.68223,0.0
1727297040053,0.68222,0.0
1727297108971,0.682285,0.0
1727297112023,0.682295,0.0
1727297112221,0.68229,0.0
1727297117049,0.682275,0.0
1727297118001,0.68229,0.0
1727297118233,0.68228,0.0
1727297119051,0.682285,0.0
1727297119154,0.68227,0.0
1727297120065,0.682275,0.0
1727297124486,0.68228,0.0
1727297131054,0.682275,0.0
1727297131681,0.68227,0.0
1727297131681,0.68227,0.0
1727297142642,0.682275,0.0
1727297150086,0.68227,0.0
1727297150269,0.682275,0.0
1727297151054,0.68227,0.0
1727297156154,0.68228,0.0
1727297157202,0.682285,0.0
1727297158694,0.68228,0.0
1727297158765,0.682285,0.0
1727297159654,0.682295,0.0
1727297159846,0.68229,0.0
1727297160833,0.682275,0.0
1727297162348,0.68227,0.0
1727297234842,0.68224,0.0
1727297237917,0.682245,0.0
1727297237975,0.68224,0.0
1727297239552,0.682245,0.0
1727297245407,0.68226,0.0
1727297246292,0.682255,0.0
1727297246649,0.68226,0.0
1727297248702,0.682285,0.0
1727297251610,0.682295,0.0
1727297251785,0.68229,0.0
1727297253881,0.68232,0.0
1727297254002,0.682325,0.0
1727297254819,0.68232,0.0
1727297255020,0.682325,0.0
1727297255592,0.682325,0.0
1727297256051,0.68233,0.0
1727297257065,0.682325,0.0
1727297262989,0.682335,0.0
1727297264086,0.682305,0.0
1727297267898,0.682335,0.0
1727297276063,0.682325,0.0
1727297277813,0.682315,0.0
1727297278062,0.682325,0.0
1727297278437,0.68232,0.0
1727297278690,0.682325,0.0
1727297278866,0.68232,0.0
1727297279240,0.68232,0.0
1727297279712,0.682325,0.0
1727297279919,0.68232,0.0
1727297281449,0.682325,0.0
1727297348947,0.682365,0.0
1727297349243,0.68236,0.0
1727297350078,0.682365,0.0
1727297361195,0.68238,0.0
1727297362173,0.68239,0.0
1727297362223,0.682385,0.0
1727297362521,0.682375,0.0
1727297362982,0.682385,0.0
1727297369662,0.682385,0.0
1727297369967,0.682385,0.0
1727297370091,0.682385,0.0
1727297372377,0.682375,0.0
1727297386266,0.68237,0.0
1727297387587,0.682345,0.0
1727297388249,0.682345,0.0
1727297400053,0.682345,0.0
1727297400487,0.682335,0.0
1727297400840,0.682345,0.0
1727297404926,0.682365,0.0
1727297405029,0.68237,0.0
1727297476121,0.682295,0.0
1727297476354,0.68231,0.0
1727297478287,0.68229,0.0
1727297481112,0.682295,0.0
1727297483235,0.682295,0.0
1727297483765,0.682295,0.0
1727297486254,0.68229,0.0
1727297487657,0.682315,0.0
1727297502139,0.68231,0.0
1727297594453,0.68227,0.0
1727297607311,0.682295,0.0
1727297607527,0.682295,0.0
1727297608478,0.682295,0.0
1727297608898,0.68231,0.0
1727297613015,0.682315,0.0
1727297614558,0.68231,0.0
1727297711926,0.68233,0.0
1727297715137,0.68233,0.0
1727297715247,0.682325,0.0
1727297716198,0.682325,0.0
1727297716561,0.682315,0.0
1727297716761,0.682325,0.0
1727297720445,0.68233,0.0
1727297726581,0.68232,0.0
1727297727316,0.68232,0.0
1727297728964,0.68232,0.0
1727297730749,0.68232,0.0
1727297732677,0.68232,0.0
1727297733261,0.682345,0.0
1727297737180,0.68235,0.0
1727297747135,0.682365,0.0
1727297747310,0.682365,0.0
1727297747651,0.682375,0.0
1727297748942,0.682365,0.0
1727297749892,0.68237,0.0
1727297751021,0.682365,0.0
1727297752435,0.68237,0.0
1727297759719,0.682345,0.0
1727297759778,0.68235,0.0
1727297764725,0.682345,0.0
1727297769625,0.682345,0.0
1727297770032,0.68236,0.0
1727297778213,0.682395,0.0
1727297778401,0.682395,0.0
1727297778779,0.682395,0.0
1727297779106,0.6824,0.0
1727297780275,0.6824,0.0
1727297780377,0.682395,0.0
1727297782132,0.682395,0.0
1727297782635,0.6824,0.0
1727297784023,0.682395,0.0
1727297784751,0.6824,0.0
1727297784751,0.6824,0.0
1727297794668,0.68235,0.0
1727297796994,0.682375,0.0
1727297798436,0.68237,0.0
1727297807977,0.682375,0.0
1727297808276,0.68237,0.0
1727297809435,0.68237,0.0
1727297810811,0.682365,0.0
1727297812989,0.68237,0.0
1727297815081,0.682375,0.0
1727297824417,0.68237,0.0
1727297855403,0.682335,0.0
1727297856907,0.68235,0.0
1727297857255,0.68233,0.0
1727297859508,0.682315,0.0
1727297861772,0.68231,0.0
1727297862216,0.682325,0.0
1727297865256,0.68231,0.0
1727297865563,0.682315,0.0
1727297865902,0.682315,0.0
1727297866079,0.682315,0.0
1727297868187,0.68231,0.0
1727297868250,0.68232,0.0
1727297871692,0.68231,0.0
1727297872237,0.682295,0.0
1727297877003,0.68231,0.0
1727297877982,0.682315,0.0
1727297878539,0.68231,0.0
1727297878843,0.682315,0.0
1727297889960,0.682325,0.0
1727297890699,0.682315,0.0
1727297891169,0.682325,0.0
1727297910247,0.68231,0.0
1727297910558,0.682325,0.0
1727297911080,0.6823,0.0
1727297911397,0.68232,0.0
1727297911672,0.682325,0.0
1727297912136,0.68232,0.0
1727297913256,0.682315,0.0
1727297913326,0.68232,0.0
1727297913326,0.68232,0.0
1727297939073,0.68232,0.0
1727297945115,0.68232,0.0
1727297945115,0.68232,0.0
1727297945115,0.68232,0.0
1727297945115,0.68232,0.0
1727297945115,0.68232,0.0
1727297945115,0.68232,0.0
1727298295012,0.682295,0.0
1727298300423,0.682285,0.0
1727298301401,0.68229,0.0
1727298306188,0.6823,0.0
1727298313513,0.68231,0.0
1727298323535,0.682325,0.0
1727298327279,0.682315,0.0
1727298328286,0.682325,0.0
1727298328286,0.682325,0.0
1727298387289,0.682335,0.0
1727298394209,0.68233,0.0
1727298394209,0.68233,0.0
1727298472192,0.682315,0.0
1727298472192,0.682315,0.0
1727298472192,0.682315,0.0
1727298587463,0.682285,0.0
1727298587625,0.682285,0.0
1727298587871,0.682285,0.0
1727298588187,0.682305,0.0
1727298588387,0.682305,0.0
1727298602263,0.68228,0.0
1727298605411,0.68227,0.0
1727298610438,0.682265,0.0
1727298610287,0.682275,0.0
1727298613942,0.682265,0.0
1727298614145,0.682255,0.0
1727298614145,0.682255,0.0
1727298641057,0.68223,0.0
1727298644592,0.682255,0.0
1727298644693,0.68228,0.0
1727298645170,0.682255,0.0
1727298647625,0.68225,0.0
1727298648701,0.68225,0.0
1727298650408,0.682245,0.0
1727298650614,0.682265,0.0
1727298651005,0.682255,0.0
1727298651484,0.682265,0.0
1727298651989,0.682255,0.0
1727298652476,0.682265,0.0
1727298653003,0.682255,0.0
1727298654428,0.682265,0.0
1727298664586,0.682275,0.0
1727298685035,0.682265,0.0
1727298691515,0.68227,0.0
1727298694186,0.68226,0.0
1727298695205,0.682255,0.0
1727298700410,0.682255,0.0
1727298702088,0.68225,0.0
1727298704426,0.682255,0.0
1727298707130,0.68223,0.0
1727298707795,0.682245,0.0
1727298710882,0.68223,0.0
1727298715618,0.68224,0.0
1727298725816,0.68223,0.0
1727298728875,0.682245,0.0
1727298729959,0.68223,0.0
1727298736018,0.682275,0.0
1727298736536,0.682285,0.0
1727298746220,0.68228,0.0
1727298764038,0.682285,0.0
1727298766807,0.682275,0.0
1727298767055,0.682275,0.0
1727298767319,0.682285,0.0
1727298767559,0.682285,0.0
1727298767800,0.682265,0.0
1727298768046,0.682265,0.0
1727298769019,0.682255,0.0
1727298776908,0.68226,0.0
1727298776908,0.68226,0.0
1727298836855,0.682265,0.0
1727298872037,0.682255,0.0
1727298875119,0.682265,0.0
1727298876442,0.68226,0.0
1727298876625,0.68225,0.0
1727298876625,0.68225,0.0
1727298899271,0.682255,0.0
1727298902723,0.68226,0.0
1727298904641,0.682265,0.0
1727298905750,0.68226,0.0
1727298908239,0.682265,0.0
1727298916323,0.682265,0.0
1727298919686,0.68226,0.0
1727298920390,0.68225,0.0
1727298930255,0.68225,0.0
1727298931467,0.682245,0.0
1727298940184,0.682245,0.0
1727298942107,0.682255,0.0
1727298943111,0.68223,0.0
1727298946462,0.68225,0.0
1727298947714,0.68223,0.0
1727298950331,0.682245,0.0
1727298953878,0.68223,0.0
1727298954538,0.682245,0.0
1727298960567,0.68223,0.0
1727298967515,0.682245,0.0
1727298967587,0.68224,0.0
1727298968064,0.68222,0.0
1727298968148,0.682215,0.0
1727298968560,0.68223,0.0
1727298969179,0.68225,0.0
1727298970803,0.682255,0.0
1727298970888,0.68226,0.0
1727298971303,0.682255,0.0
1727298971357,0.682265,0.0
1727298972793,0.68227,0.0
1727298972454,0.68227,0.0
1727298974588,0.682265,0.0
1727298974998,0.68225,0.0
1727298976949,0.68226,0.0
1727298999589,0.68225,0.0
1727299007013,0.682245,0.0
1727299018445,0.682255,0.0
1727299020012,0.682265,0.0
1727299022222,0.68225,0.0
1727299042536,0.682255,0.0
1727299043013,0.682265,0.0
1727299043146,0.68226,0.0
1727299071235,0.682265,0.0
1727299072328,0.68226,0.0
1727299072437,0.68229,0.0
1727299076366,0.682305,0.0
1727299078119,0.682315,0.0
1727299078119,0.682315,0.0
1727299153346,0.682305,0.0
1727299167516,0.682295,0.0
1727299173749,0.6823,0.0
1727299180031,0.68232,0.0
1727299183915,0.682325,0.0
1727299184036,0.682315,0.0
1727299188540,0.68232,0.0
1727299194248,0.6823,0.0
1727299204325,0.682315,0.0
1727299204325,0.682315,0.0
1727299223517,0.682315,0.0
1727299233311,0.682315,0.0
1727299235500,0.682305,0.0
1727299273555,0.68232,0.0
1727299273555,0.68232,0.0
1727299273555,0.68232,0.0
1727299372364,0.682365,0.0
1727299373647,0.682355,0.0
1727299405946,0.68236,0.0
1727299406235,0.68235,0.0
1727299406235,0.68235,0.0
1727299416398,0.682395,0.0
1727299426756,0.68239,0.0
1727299426856,0.682405,0.0
1727299427458,0.68239,0.0
1727299431310,0.68237,0.0
1727299435714,0.68237,0.0
1727299438435,0.682395,0.0
1727299438666,0.682385,0.0
1727299446328,0.68238,0.0
1727299446522,0.68238,0.0
1727299452246,0.68238,0.0
1727299452641,0.68237,0.0
1727299459728,0.68238,0.0
1727299461304,0.68237,0.0
1727299461884,0.68238,0.0
1727299463679,0.682365,0.0
1727299464481,0.68237,0.0
1727299472364,0.682365,0.0
1727299472364,0.682365,0.0
1727299485401,0.68237,0.0
1727299489329,0.682365,0.0
1727299499984,0.68237,0.0
1727299516270,0.682385,0.0
1727299525763,0.68239,0.0
1727299525822,0.68237,0.0
1727299529959,0.68238,0.0
1727299540331,0.68239,0.0
1727299540677,0.68238,0.0
1727299540677,0.68238,0.0
1727299546833,0.682385,0.0
1727299550911,0.682375,0.0
1727299554658,0.68241,0.0
1727299558267,0.68242,0.0
1727299558461,0.68241,0.0
1727299565934,0.68242,0.0
1727299569914,0.682415,0.0
1727299570712,0.68238,0.0
1727299572220,0.682385,0.0
1727299574326,0.682375,0.0
1727299575531,0.682415,0.0
1727299577773,0.68242,0.0
1727299578293,0.68241,0.0
1727299578293,0.68241,0.0
1727299658450,0.682425,0.0
1727299658908,0.682395,0.0
1727299662398,0.682415,0.0
1727299662779,0.682425,0.0
1727299663804,0.682435,0.0
1727299665333,0.682405,0.0
1727299675865,0.68243,0.0
1727299676609,0.68243,0.0
1727299680461,0.682445,0.0
1727299681585,0.682435,0.0
1727299683993,0.682445,0.0
1727299688437,0.68241,0.0
1727299688895,0.68241,0.0
1727299692273,0.68242,0.0
1727299695131,0.68241,0.0
1727299704078,0.6824,0.0
1727299704145,0.68239,0.0
1727299704598,0.682395,0.0
1727299708375,0.682415,0.0
1727299709124,0.68238,0.0
1727299716986,0.68242,0.0
1727299718589,0.6824,0.0
1727299720500,0.68241,0.0
1727299726629,0.68241,0.0
1727299726915,0.68243,0.0
1727299726915,0.68243,0.0
1727299756642,0.682395,0.0
1727299756912,0.682415,0.0
1727299765224,0.682395,0.0
1727299771628,0.68242,0.0
1727299780365,0.68245,0.0
1727299780421,0.68243,0.0
1727299781725,0.68245,0.0
1727299783999,0.682445,0.0
1727299786095,0.68245,0.0
1727299786843,0.68244,0.0
1727299787497,0.682445,0.0
1727299787973,0.682475,0.0
1727299788451,0.682455,0.0
1727299791735,0.68243,0.0
1727299794375,0.682455,0.0
1727299800123,0.682445,0.0
1727299800123,0.682445,0.0
1727299807153,0.682435,0.0
1727299807680,0.682415,0.0
1727299808122,0.68242,0.0
1727299813594,0.682415,0.0
1727299814096,0.68242,0.0
1727299816524,0.68241,0.0
1727299817907,0.682405,0.0
1727299818370,0.68243,0.0
1727299821064,0.68242,0.0
1727299821569,0.682415,0.0
1727299823511,0.682415,0.0
1727299826491,0.68241,0.0
1727299836123,0.68242,0.0
1727299838704,0.682415,0.0
1727299848012,0.68242,0.0
1727299848012,0.68242,0.0
1727299890043,0.682405,0.0
1727299914865,0.682385,0.0
1727299917587,0.68238,0.0
1727299929324,0.682405,0.0
1727299929324,0.682405,0.0
1727299936625,0.682395,0.0
1727299936625,0.682395,0.0
1727300012303,0.68236,0.0
1727300029032,0.68237,0.0
1727300029032,0.68237,0.0
1727300093191,0.68236,0.0
1727300093491,0.68237,0.0
1727300097095,0.682355,0.0
1727300107817,0.682295,0.0
1727300112682,0.682295,0.0
1727300112682,0.682295,0.0
1727300154082,0.68229,0.0
1727300155854,0.682275,0.0
1727300161572,0.68226,0.0
1727300178154,0.682275,0.0
1727300189102,0.68227,0.0
1727300189102,0.68227,0.0
1727300209783,0.682275,0.0
1727300218396,0.68226,0.0
1727300232149,0.68227,0.0
1727300232149,0.68227,0.0
1727300286692,0.682255,0.0
1727300289997,0.68226,0.0
1727300302570,0.682255,0.0
1727300309910,0.68226,0.0
1727300312899,0.682255,0.0
1727300326067,0.68228,0.0
1727300343998,0.682265,0.0
1727300347690,0.682285,0.0
1727300347777,0.682265,0.0
1727300354502,0.682255,0.0
1727300357953,0.68226,0.0
1727300359979,0.68225,0.0
1727300362664,0.682255,0.0
1727300366475,0.682255,0.0
1727300367668,0.68227,0.0
1727300368409,0.68224,0.0
1727300371703,0.68225,0.0
1727300379025,0.682255,0.0
1727300381256,0.68225,0.0
1727300381749,0.68223,0.0
1727300383441,0.68225,0.0
1727300385090,0.682255,0.0
1727300387971,0.682245,0.0
1727300400863,0.682235,0.0
1727300413199,0.68226,0.0
1727300413199,0.68226,0.0
1727300458918,0.682265,0.0
1727300477601,0.682285,0.0
1727300478043,0.68228,0.0
1727300489801,0.682285,0.0
1727300494980,0.68231,0.0
1727300499535,0.6823,0.0
1727300500219,0.682295,0.0
1727300513099,0.6823,0.0
1727300517506,0.68229,0.0
1727300555030,0.68228,0.0
1727300555030,0.68228,0.0
1727300596133,0.68226,0.0
1727300603833,0.68227,0.0
1727300607797,0.682285,0.0
1727300607956,0.682295,0.0
1727300612527,0.68228,0.0
1727300631357,0.68228,0.0
1727300635209,0.68229,0.0
1727300648998,0.68232,0.0
1727300656954,0.682325,0.0
1727300661988,0.682325,0.0
1727300664011,0.682335,0.0
1727300666911,0.682325,0.0
1727300677642,0.682335,0.0
1727300690699,0.682325,0.0
1727300701978,0.682325,0.0
1727300701978,0.682325,0.0
1727300722494,0.68234,0.0
1727300722546,0.682345,0.0
1727300722798,0.682335,0.0
1727300726712,0.68233,0.0
1727300731009,0.682335,0.0
1727300735547,0.68233,0.0
1727300740498,0.682335,0.0
1727300740664,0.68233,0.0
1727300741153,0.682335,0.0
1727300778807,0.682335,0.0
1727300782985,0.68233,0.0
1727300790672,0.682335,0.0
1727300794073,0.682325,0.0
1727300803288,0.6824,0.0
1727300809318,0.68241,0.0
1727300816344,0.68233,0.0
1727300826373,0.68241,0.0
1727300833062,0.68242,0.0
1727300837115,0.68243,0.0
1727300840459,0.682425,0.0
1727300840459,0.682425,0.0
1727300848825,0.68242,0.0
1727300857272,0.682325,0.0
1727300864632,0.682335,0.0
1727300866558,0.682335,0.0
1727300867222,0.682415,0.0
1727300876805,0.68239,0.0
1727300877798,0.68241,0.0
1727300882919,0.682415,0.0
1727300890621,0.682395,0.0
1727300901406,0.682415,0.0
1727300901637,0.68241,0.0
1727300901807,0.682415,0.0
1727300902083,0.68241,0.0
1727300902309,0.682415,0.0
1727300902462,0.68241,0.0
1727300902899,0.68241,0.0
1727300903171,0.682415,0.0
1727300903414,0.68241,0.0
1727300903597,0.682415,0.0
1727300903855,0.68241,0.0
1727300904034,0.682415,0.0
1727300904453,0.682415,0.0
1727300905473,0.68241,0.0
1727300908866,0.682415,0.0
1727300912617,0.68241,0.0
1727300915910,0.682425,0.0
1727300961731,0.682435,0.0
1727300966064,0.682425,0.0
1727300974847,0.682435,0.0
1727300978534,0.68243,0.0
1727300992776,0.682435,0.0
1727300996379,0.682425,0.0
1727301037044,0.68245,0.0
1727301046849,0.682375,0.0
1727301079381,0.682385,0.0
1727301083439,0.68238,0.0
1727301084165,0.68245,0.0
1727301094437,0.6824,0.0
1727301096998,0.68242,0.0
1727301097248,0.6824,0.0
1727301100423,0.6824,0.0
1727301100649,0.68242,0.0
1727301100890,0.6824,0.0
1727301101114,0.682455,0.0
1727301101114,0.682455,0.0
1727301119512,0.68238,0.0
1727301121095,0.682385,0.0
1727301123563,0.682385,0.0
1727301125387,0.682375,0.0
1727301129667,0.682395,0.0
1727301131535,0.682395,0.0
1727301134324,0.682375,0.0
1727301134429,0.682385,0.0
1727301147427,0.682375,0.0
1727301155142,0.682385,0.0
1727301163106,0.68238,0.0
1727301170657,0.68238,0.0
1727301173806,0.682385,0.0
1727301175515,0.68238,0.0
1727301177710,0.682435,0.0
1727301179302,0.682455,0.0
1727301179869,0.682435,0.0
1727301182084,0.682455,0.0
1727301207507,0.682455,0.0
1727301234917,0.682465,0.0
1727301242992,0.68247,0.0
1727301270115,0.68248,0.0
1727301276529,0.68247,0.0
1727301295199,0.68247,0.0
1727301295199,0.68247,0.0
1727301327501,0.68246,0.0
1727301332280,0.682465,0.0
1727301344556,0.68248,0.0
1727301344556,0.68248,0.0
1727301344556,0.68248,0.0
1727301344556,0.68248,0.0
1727301542884,0.682515,0.0
1727301543417,0.68252,0.0
1727301543417,0.68252,0.0
1727301571898,0.682515,0.0
1727301573798,0.68252,0.0
1727301578987,0.682565,0.0
1727301579540,0.68257,0.0
1727301600232,0.682675,0.0
1727301600483,0.682555,0.0
1727301600534,0.682595,0.0
1727301601498,0.682585,0.0
1727301601552,0.682545,0.0
1727301605109,0.682485,0.0
1727301605419,0.682475,0.0
1727301606207,0.68247,0.0
1727301606682,0.68243,0.0
1727301611283,0.682435,0.0
1727301611956,0.682405,0.0
1727301613791,0.682365,0.0
1727301614045,0.682365,0.0
1727301616594,0.682375,0.0
1727301620478,0.682395,0.0
1727301620628,0.68239,0.0
1727301621297,0.682385,0.0
1727301621482,0.682375,0.0
1727301621702,0.68241,0.0
1727301623168,0.682395,0.0
1727301631052,0.68239,0.0
1727301631968,0.68238,0.0
1727301638213,0.682335,0.0
1727301641683,0.68233,0.0
1727301642151,0.68232,0.0
1727301656534,0.68232,0.0
1727301681086,0.6823,0.0
1727301681982,0.682305,0.0
1727301684729,0.68231,0.0
1727301685052,0.68232,0.0
1727301690321,0.68228,0.0
1727301693034,0.68227,0.0
1727301695070,0.68223,0.0
1727301695227,0.682285,0.0
1727301700702,0.682275,0.0
1727301701063,0.68227,0.0
1727301710288,0.682255,0.0
1727301710541,0.68225,0.0
1727301710712,0.68226,0.0
1727301720089,0.682255,0.0
1727301720358,0.68226,0.0
1727301722491,0.68225,0.0
1727301723882,0.682265,0.0
1727301725062,0.682255,0.0
1727301729367,0.682255,0.0
1727301738695,0.682255,0.0
1727301746222,0.682255,0.0
1727301746446,0.682265,0.0
1727301747074,0.682255,0.0
1727301748591,0.68227,0.0
1727301750276,0.682275,0.0
1727301750680,0.682275,0.0
1727301751062,0.68228,0.0
1727301753000,0.682285,0.0
1727301762048,0.68228,0.0
1727301762548,0.682285,0.0
1727301763005,0.68226,0.0
1727301765070,0.68228,0.0
1727301769552,0.68226,0.0
1727301770158,0.682265,0.0
1727301771501,0.68226,0.0
1727301774036,0.682275,0.0
1727301784115,0.68229,0.0
1727301810874,0.68231,0.0
1727301810946,0.68232,0.0
1727301816621,0.682375,0.0
1727301816621,0.682375,0.0
1727301827681,0.682365,0.0
1727301839067,0.68233,0.0
1727301841051,0.682335,0.0
1727301842054,0.68233,0.0
1727301847527,0.68232,0.0
1727301849219,0.682315,0.0
1727301849970,0.68232,0.0
1727301851129,0.682355,0.0
1727301857621,0.682365,0.0
1727301870884,0.682335,0.0
1727301872498,0.68233,0.0
1727301881844,0.682355,0.0
1727301886963,0.682355,0.0
1727301888051,0.68233,0.0
1727301890827,0.68236,0.0
1727301900406,0.682375,0.0
1727301903618,0.68239,0.0
1727301930125,0.682365,0.0
1727301930125,0.682365,0.0
1727301972379,0.68235,0.0
1727301977518,0.68236,0.0
1727301982054,0.68233,0.0
1727301992607,0.68234,0.0
1727301992607,0.68234,0.0
1727302019330,0.68235,0.0
1727302038069,0.682335,0.0
1727302050732,0.682315,0.0
1727302051743,0.682295,0.0
1727302052097,0.682285,0.0
1727302056416,0.682265,0.0
1727302080421,0.68226,0.0
1727302085945,0.68226,0.0
1727302089269,0.682265,0.0
1727302090294,0.682275,0.0
1727302092263,0.682265,0.0
1727302096374,0.68228,0.0
1727302096574,0.68228,0.0
1727302096892,0.682265,0.0
1727302097175,0.68228,0.0
1727302097389,0.68228,0.0
1727302097490,0.682265,0.0
1727302108019,0.682285,0.0
1727302109535,0.682275,0.0
1727302110017,0.682285,0.0
1727302115734,0.68229,0.0
1727302131397,0.682285,0.0
1727302131397,0.682285,0.0
1727302148013,0.682275,0.0
1727302153187,0.68229,0.0
1727302156056,0.682285,0.0
1727302160990,0.68227,0.0
1727302161984,0.682285,0.0
1727302166317,0.68229,0.0
1727302166931,0.682275,0.0
1727302168258,0.682275,0.0
1727302170837,0.68226,0.0
1727302181676,0.682265,0.0
1727302184812,0.682265,0.0
1727302186917,0.682255,0.0
1727302187053,0.682255,0.0
1727302187409,0.682265,0.0
1727302187626,0.682265,0.0
1727302187830,0.682265,0.0
1727302188069,0.682265,0.0
1727302189427,0.68226,0.0
1727302212298,0.682265,0.0
1727302221327,0.68225,0.0
1727302221667,0.682265,0.0
1727302225052,0.68229,0.0
1727302235053,0.68229,0.0
1727302238012,0.682275,0.0
1727302239064,0.68227,0.0
1727302242365,0.682275,0.0
1727302245062,0.68227,0.0
1727302247316,0.682275,0.0
1727302248019,0.68227,0.0
1727302254950,0.682275,0.0
1727302257002,0.682285,0.0
1727302257002,0.682285,0.0
1727302288653,0.68229,0.0
1727302292811,0.682345,0.0
1727302292928,0.68235,0.0
1727302294851,0.682355,0.0
1727302319135,0.682375,0.0
1727302319330,0.68237,0.0
1727302319560,0.682365,0.0
1727302342309,0.68235,0.0
1727302344654,0.68236,0.0
1727302366552,0.682365,0.0
1727302366759,0.682365,0.0
1727302367001,0.682365,0.0
1727302367305,0.682345,0.0
1727302367536,0.682345,0.0
1727302367609,0.682365,0.0
1727302382811,0.68237,0.0
1727302382811,0.68237,0.0
1727302445249,0.68235,0.0
1727302463058,0.68237,0.0
1727302463058,0.68237,0.0
1727302500266,0.682365,0.0
1727302500412,0.68235,0.0
1727302502640,0.68234,0.0
1727302503278,0.68233,0.0
1727302503481,0.68232,0.0
1727302504229,0.682315,0.0
1727302504406,0.68232,0.0
1727302504596,0.6823,0.0
1727302504954,0.682295,0.0
1727302505253,0.6823,0.0
1727302511683,0.6823,0.0
1727302512539,0.682295,0.0
1727302517102,0.68228,0.0
1727302523071,0.68229,0.0
1727302525242,0.682285,0.0
1727302525242,0.682285,0.0
1727302552618,0.68228,0.0
1727302552918,0.682285,0.0
1727302562847,0.682275,0.0
1727302567317,0.682335,0.0
1727302596017,0.682345,0.0
1727302596766,0.682325,0.0
1727302596766,0.682325,0.0
1727302611266,0.68229,0.0
1727302612099,0.68229,0.0
1727302614597,0.682295,0.0
1727302616655,0.682295,0.0
1727302616708,0.68229,0.0
1727302616941,0.682295,0.0
1727302629593,0.68228,0.0
1727302635977,0.6823,0.0
1727302636952,0.682285,0.0
1727302637520,0.68229,0.0
1727302645403,0.682285,0.0
1727302661268,0.682285,0.0
1727302661268,0.682285,0.0
1727302669520,0.68226,0.0
1727302692807,0.68228,0.0
1727302694867,0.682275,0.0
1727302696032,0.682275,0.0
1727302705942,0.68228,0.0
1727302706888,0.68228,0.0
1727302707726,0.68228,0.0
1727302708149,0.682295,0.0
1727302708342,0.68229,0.0
1727302712570,0.682335,0.0
1727302715379,0.682325,0.0
1727302716437,0.68233,0.0
1727302718063,0.68233,0.0
1727302717420,0.682325,0.0
1727302718379,0.682325,0.0
1727302719059,0.68233,0.0
1727302722001,0.68235,0.0
1727302722001,0.68235,0.0
1727302772693,0.68236,0.0
1727302784223,0.682355,0.0
1727302790428,0.68236,0.0
1727302791534,0.682355,0.0
1727302794424,0.68236,0.0
1727302800260,0.68233,0.0
1727302825558,0.68233,0.0
1727302835067,0.68234,0.0
1727302845151,0.68233,0.0
1727302845286,0.682315,0.0
1727302847879,0.682295,0.0
1727302848788,0.6823,0.0
1727302848935,0.68231,0.0
1727302849176,0.682295,0.0
1727302852382,0.68231,0.0
1727302852433,0.6823,0.0
1727302861357,0.68231,0.0
1727302867325,0.682315,0.0
1727302868193,0.682295,0.0
1727302869520,0.682295,0.0
1727302870251,0.68231,0.0
1727302871339,0.682295,0.0
1727302871523,0.682295,0.0
1727302890377,0.682325,0.0
1727302893996,0.682325,0.0
1727302896191,0.682325,0.0
1727302899432,0.682325,0.0
1727302906535,0.682325,0.0
1727302910055,0.682325,0.0
1727302914694,0.682325,0.0
1727302926552,0.682285,0.0
1727302932500,0.68228,0.0
1727302934815,0.68228,0.0
1727302948552,0.68228,0.0
1727302949112,0.682275,0.0
1727302971814,0.682275,0.0
1727302975894,0.682275,0.0
1727302984339,0.68226,0.0
1727302984339,0.68226,0.0
1727303003940,0.682265,0.0
1727303004462,0.68226,0.0
1727303004938,0.68226,0.0
1727303038262,0.68226,0.0
1727303038262,0.68226,0.0
1727303090573,0.682315,0.0
1727303091520,0.6823,0.0
1727303092543,0.682315,0.0
1727303092740,0.6823,0.0
1727303093267,0.682305,0.0
1727303093870,0.6823,0.0
1727303095320,0.682305,0.0
1727303095451,0.68229,0.0
1727303100168,0.682295,0.0
1727303104488,0.682315,0.0
1727303106049,0.6823,0.0
1727303107058,0.682315,0.0
1727303108393,0.6823,0.0
1727303108918,0.682315,0.0
1727303109302,0.68232,0.0
1727303113234,0.682315,0.0
1727303116864,0.68232,0.0
1727303121861,0.682315,0.0
1727303124063,0.68232,0.0
1727303126925,0.682315,0.0
1727303127871,0.682315,0.0
1727303129037,0.68232,0.0
1727303129460,0.682315,0.0
1727303129569,0.68232,0.0
1727303129937,0.68232,0.0
1727303130051,0.682315,0.0
1727303130512,0.68232,0.0
1727303160277,0.682335,0.0
1727303160486,0.682325,0.0
1727303164884,0.682325,0.0
1727303165970,0.682335,0.0
1727303166496,0.68233,0.0
1727303173853,0.682335,0.0
1727303174230,0.682335,0.0
1727303174525,0.68233,0.0
1727303174977,0.682335,0.0
1727303175386,0.68233,0.0
1727303175717,0.682335,0.0
1727303176238,0.68233,0.0
1727303177201,0.68233,0.0
1727303178127,0.682335,0.0
1727303178386,0.68233,0.0
1727303181656,0.682335,0.0
1727303187107,0.68235,0.0
1727303193927,0.682355,0.0
1727303194056,0.68235,0.0
1727303194299,0.682355,0.0
1727303194942,0.68235,0.0
1727303200024,0.682355,0.0
1727303200612,0.682355,0.0
1727303205846,0.682355,0.0
1727303206224,0.682355,0.0
1727303206528,0.68235,0.0
1727303207429,0.682355,0.0
1727303207612,0.68235,0.0
1727303217002,0.682355,0.0
1727303217179,0.68235,0.0
1727303218776,0.68235,0.0
1727303241203,0.682355,0.0
1727303241370,0.68235,0.0
1727303245652,0.68235,0.0
1727303245893,0.68235,0.0
1727303246575,0.682355,0.0
1727303247053,0.68235,0.0
1727303252384,0.68235,0.0
1727303290014,0.68233,0.0
1727303290014,0.68233,0.0
1727303334941,0.682355,0.0
1727303336813,0.68235,0.0
1727303337093,0.682355,0.0
1727303342579,0.68235,0.0
1727303342669,0.682355,0.0
1727303343427,0.68235,0.0
1727303347518,0.682355,0.0
1727303347710,0.682355,0.0
1727303354084,0.682355,0.0
1727303378345,0.68237,0.0
1727303391255,0.682365,0.0
1727303400057,0.68237,0.0
1727303401623,0.68237,0.0
1727303401792,0.682375,0.0
1727303402421,0.68236,0.0
1727303403508,0.68237,0.0
1727303403674,0.68236,0.0
1727303404841,0.68238,0.0
1727303405074,0.68238,0.0
1727303405248,0.682375,0.0
1727303405915,0.68236,0.0
1727303406048,0.682375,0.0
1727303406198,0.68236,0.0
1727303406628,0.682365,0.0
1727303407281,0.68236,0.0
1727303408162,0.68236,0.0
1727303409176,0.68236,0.0
1727303410079,0.682355,0.0
1727303410282,0.68236,0.0
1727303410700,0.682365,0.0
1727303411729,0.682375,0.0
1727303412001,0.68238,0.0
1727303413070,0.682375,0.0
1727303414227,0.68238,0.0
1727303415165,0.68238,0.0
1727303416049,0.682375,0.0
1727303416262,0.68238,0.0
1727303417195,0.68238,0.0
1727303420288,0.68238,0.0
1727303421297,0.68238,0.0
1727303422340,0.68238,0.0
1727303423166,0.682375,0.0
1727303423335,0.68238,0.0
1727303424344,0.682375,0.0
1727303425060,0.68238,0.0
1727303425250,0.682375,0.0
1727303425624,0.68238,0.0
1727303426187,0.68238,0.0
1727303430122,0.682405,0.0
1727303430223,0.6824,0.0
1727303431193,0.682405,0.0
1727303431578,0.6824,0.0
1727303431828,0.682395,0.0
1727303432701,0.6824,0.0
1727303432790,0.682405,0.0
1727303433320,0.6824,0.0
1727303439207,0.6824,0.0
1727303444367,0.68238,0.0
1727303451164,0.682375,0.0
1727303453448,0.68236,0.0
1727303454363,0.682375,0.0
1727303459968,0.68238,0.0
1727303460026,0.682375,0.0
1727303486576,0.68238,0.0
1727303487662,0.682375,0.0
1727303487843,0.68238,0.0
1727303488676,0.682375,0.0
1727303488847,0.68238,0.0
1727303489733,0.682375,0.0
1727303490063,0.68238,0.0
1727303490712,0.682375,0.0
1727303490873,0.68238,0.0
1727303491840,0.68238,0.0
1727303492190,0.682375,0.0
1727303493113,0.68238,0.0
1727303494717,0.682375,0.0
1727303494875,0.68238,0.0
1727303503860,0.682375,0.0
1727303504070,0.68238,0.0
1727303505358,0.682375,0.0
1727303505744,0.68238,0.0
1727303509423,0.682375,0.0
1727303521587,0.68236,0.0
1727303521818,0.682355,0.0
1727303525823,0.68235,0.0
1727303545793,0.682355,0.0
1727303546054,0.68235,0.0
1727303549599,0.682355,0.0
1727303550651,0.68235,0.0
1727303551237,0.682355,0.0
1727303551558,0.682355,0.0
1727303551683,0.68235,0.0
1727303552663,0.68235,0.0
1727303553150,0.682365,0.0
1727303553627,0.68238,0.0
1727303553310,0.68235,0.0
1727303553741,0.68238,0.0
1727303555636,0.682355,0.0
1727303556151,0.682355,0.0
1727303556362,0.68235,0.0
1727303557088,0.682355,0.0
1727303557328,0.68235,0.0
1727303558634,0.682355,0.0
1727303558834,0.68235,0.0
1727303559320,0.682355,0.0
1727303560007,0.68235,0.0
1727303560221,0.682355,0.0
1727303560673,0.682355,0.0
1727303561559,0.68235,0.0
1727303561713,0.682355,0.0
1727303562306,0.682355,0.0
1727303562622,0.68235,0.0
1727303562698,0.682365,0.0
1727303563650,0.68235,0.0
1727303563895,0.68236,0.0
1727303564788,0.68235,0.0
1727303565125,0.682365,0.0
1727303565351,0.682365,0.0
1727303566649,0.68235,0.0
1727303566763,0.682365,0.0
1727303567381,0.682365,0.0
1727303568114,0.68235,0.0
1727303575064,0.68235,0.0
1727303578563,0.682355,0.0
1727303578765,0.68235,0.0
1727303582048,0.682355,0.0
1727303583067,0.68235,0.0
1727303585354,0.68235,0.0
1727303585828,0.682355,0.0
1727303586337,0.68235,0.0
1727303590669,0.682355,0.0
1727303590865,0.68235,0.0
1727303603860,0.682355,0.0
1727303603978,0.682345,0.0
1727303614308,0.682345,0.0
1727303614699,0.682355,0.0
1727303614787,0.682345,0.0
1727303616560,0.682345,0.0
1727303618501,0.682325,0.0
1727303630783,0.68233,0.0
1727303632898,0.682325,0.0
1727303634210,0.682325,0.0
1727303635940,0.68233,0.0
1727303637300,0.682325,0.0
1727303642528,0.682325,0.0
1727303660588,0.682335,0.0
1727303661591,0.68233,0.0
1727303661809,0.682335,0.0
1727303661964,0.682335,0.0
1727303671981,0.68235,0.0
1727303681707,0.682355,0.0
1727303682045,0.68235,0.0
1727303682228,0.682355,0.0
1727303682739,0.68235,0.0
1727303683123,0.68235,0.0
1727303683300,0.682355,0.0
1727303683776,0.68235,0.0
1727303683987,0.682355,0.0
1727303684830,0.68235,0.0
1727303685015,0.682355,0.0
1727303685803,0.68235,0.0
1727303686376,0.682355,0.0
1727303687152,0.68235,0.0
1727303694639,0.68239,0.0
1727303702563,0.682375,0.0
1727303702563,0.682375,0.0
1727303714036,0.68239,0.0
1727303714036,0.68239,0.0
1727303787312,0.682375,0.0
1727303788770,0.68236,0.0
1727303789154,0.682375,0.0
1727303808302,0.682395,0.0
1727303810049,0.68243,0.0
1727303810396,0.682445,0.0
1727303817623,0.682445,0.0
1727303832676,0.68248,0.0
1727303834191,0.682495,0.0
1727303853944,0.682495,0.0
1727303866814,0.6825,0.0
1727303867054,0.6825,0.0
1727303875332,0.682505,0.0
1727303875489,0.6825,0.0
1727303880052,0.682505,0.0
1727303880110,0.6825,0.0
1727303880110,0.6825,0.0
1727303908062,0.682465,0.0
1727303908062,0.682465,0.0
1727304013768,0.68248,0.0
1727304014826,0.682495,0.0
1727304020019,0.68249,0.0
1727304020688,0.68248,0.0
1727304023291,0.682485,0.0
1727304023494,0.68248,0.0
1727304023741,0.682485,0.0
1727304024392,0.68249,0.0
1727304024392,0.68249,0.0
1727304034042,0.682485,0.0
1727304034163,0.68249,0.0
1727304035201,0.682485,0.0
1727304035444,0.68249,0.0
1727304036009,0.68249,0.0
1727304036254,0.68249,0.0
1727304038572,0.682495,0.0
1727304076383,0.68245,0.0
1727304076541,0.68245,0.0
1727304076701,0.682445,0.0
1727304086778,0.68246,0.0
1727304087064,0.682465,0.0
1727304087064,0.682465,0.0
1727304121525,0.682465,0.0
1727304121943,0.682465,0.0
1727304129964,0.682475,0.0
1727304129964,0.682475,0.0
1727304179523,0.68248,0.0
1727304195215,0.682515,0.0
1727304199950,0.682535,0.0
1727304206114,0.68257,0.0
1727304206174,0.682575,0.0
1727304209919,0.68257,0.0
1727304214040,0.682585,0.0
1727304216524,0.68257,0.0
1727304216650,0.682585,0.0
1727304220160,0.68257,0.0
1727304220497,0.682585,0.0
1727304228124,0.682555,0.0
1727304228930,0.68255,0.0
1727304230098,0.68255,0.0
1727304231335,0.68255,0.0
1727304236119,0.68255,0.0
1727304238382,0.68256,0.0
1727304239061,0.682555,0.0
1727304242060,0.68255,0.0
1727304243076,0.682555,0.0
1727304244438,0.68255,0.0
1727304247470,0.682555,0.0
1727304251344,0.68255,0.0
1727304252073,0.682555,0.0
1727304252377,0.68255,0.0
1727304256179,0.682555,0.0
1727304260329,0.68256,0.0
1727304265178,0.682575,0.0
1727304284060,0.68257,0.0
1727304285125,0.682575,0.0
1727304287052,0.68257,0.0
1727304292745,0.68257,0.0
1727304312347,0.68253,0.0
1727304336860,0.682545,0.0
1727304351219,0.682555,0.0
1727304351399,0.682555,0.0
1727304351955,0.68255,0.0
1727304357749,0.68255,0.0
1727304375465,0.682555,0.0
1727304385883,0.682565,0.0
1727304407086,0.68256,0.0
1727304407230,0.682565,0.0
1727304407230,0.682565,0.0
1727304427753,0.682555,0.0
1727304428254,0.68256,0.0
1727304429305,0.682555,0.0
1727304429990,0.68256,0.0
1727304430505,0.682555,0.0
1727304434226,0.68254,0.0
1727304438534,0.682545,0.0
1727304444326,0.68257,0.0
1727304475269,0.68255,0.0
1727304485347,0.68257,0.0
1727304502765,0.68243,0.0
1727304502881,0.682405,0.0
1727304503283,0.682405,0.0
1727304503613,0.6824,0.0
1727304504096,0.682405,0.0
1727304506479,0.6824,0.0
1727304506757,0.682405,0.0
1727304508001,0.6824,0.0
1727304509223,0.682405,0.0
1727304509973,0.68242,0.0
1727304510319,0.682405,0.0
1727304529552,0.682395,0.0
1727304540517,0.68239,0.0
1727304542226,0.682395,0.0
1727304542226,0.682395,0.0
1727304556274,0.682415,0.0
1727304556498,0.682415,0.0
1727304561946,0.68241,0.0
1727304565812,0.68232,0.0
1727304565862,0.682355,0.0
1727304566436,0.68239,0.0
1727304577123,0.682385,0.0
1727304583320,0.68239,0.0
1727304596619,0.682355,0.0
1727304596667,0.682345,0.0
1727304596995,0.68233,0.0
1727304602574,0.682295,0.0
1727304611782,0.682315,0.0
1727304611782,0.682315,0.0
1727304660119,0.682305,0.0
1727304660189,0.682295,0.0
1727304668558,0.682295,0.0
1727304668829,0.682275,0.0
1727304669153,0.68226,0.0
1727304669153,0.68226,0.0
1727304688469,0.68225,0.0
1727304688618,0.68226,0.0
1727304727328,0.68225,0.0
1727304747868,0.682255,0.0
1727304780123,0.68225,0.0
1727304812466,0.68221,0.0
1727304841100,0.68226,0.0
1727304841752,0.682265,0.0
1727304841752,0.682265,0.0
1727304882135,0.682285,0.0
1727304892108,0.68228,0.0
1727304892512,0.682285,0.0
1727304902037,0.68228,0.0
1727304903477,0.68232,0.0
1727304906999,0.682325,0.0
1727304907247,0.68232,0.0
1727304907456,0.682375,0.0
1727304911541,0.682375,0.0
1727304916521,0.68232,0.0
1727304916572,0.682315,0.0
1727304918790,0.682315,0.0
1727304927041,0.682325,0.0
1727304927116,0.68232,0.0
1727304927865,0.682315,0.0
1727304930267,0.68232,0.0
1727304931470,0.682315,0.0
1727304931745,0.68232,0.0
1727304935056,0.682315,0.0
1727304936346,0.682345,0.0
1727304936346,0.682345,0.0
1727304955071,0.68233,0.0
1727304965060,0.68233,0.0
1727304965417,0.68233,0.0
1727304965711,0.68232,0.0
1727304965762,0.68233,0.0
1727304967050,0.682355,0.0
1727304972309,0.682385,0.0
1727304976948,0.682375,0.0
1727304977212,0.68237,0.0
1727304977476,0.682395,0.0
1727304981010,0.68237,0.0
1727305001117,0.682365,0.0
1727305001117,0.682365,0.0
1727305017533,0.682365,0.0
1727305020635,0.68237,0.0
1727305023099,0.682375,0.0
1727305035076,0.682375,0.0
1727305034856,0.68238,0.0
1727305037720,0.682375,0.0
1727305038073,0.68237,0.0
1727305042869,0.682375,0.0
1727305043057,0.68237,0.0
1727305045947,0.68236,0.0
1727305046184,0.68232,0.0
1727305046305,0.682315,0.0
1727305046713,0.68228,0.0
1727305069459,0.682265,0.0
1727305074695,0.68228,0.0
1727305131054,0.682285,0.0
1727305131351,0.68228,0.0
1727305137666,0.682285,0.0
1727305152035,0.68223,0.0
1727305152141,0.682205,0.0
1727305162727,0.682265,0.0
1727305163823,0.68227,0.0
1727305163879,0.682265,0.0
1727305202714,0.68229,0.0
1727305211843,0.682295,0.0
1727305226634,0.68229,0.0
1727305249625,0.682295,0.0
1727305250374,0.682295,0.0
1727305251064,0.68229,0.0
1727305252101,0.68225,0.0
1727305254755,0.682205,0.0
1727305256060,0.68221,0.0
1727305256442,0.68221,0.0
1727305268053,0.68221,0.0
1727305280236,0.682175,0.0
1727305280457,0.68213,0.0
1727305284254,0.68208,0.0
1727305286893,0.68205,0.0
1727305288029,0.68207,0.0
1727305289063,0.682055,0.0
1727305292741,0.682045,0.0
1727305292945,0.68204,0.0
1727305293637,0.682045,0.0
1727305294662,0.68206,0.0
1727305297537,0.68207,0.0
1727305298667,0.68206,0.0
1727305298872,0.682115,0.0
1727305299171,0.682115,0.0
1727305299445,0.68212,0.0
1727305306374,0.682115,0.0
1727305307792,0.68212,0.0
1727305320298,0.682085,0.0
1727305320848,0.68208,0.0
1727305327559,0.682075,0.0
1727305328487,0.68204,0.0
1727305329868,0.682035,0.0
1727305334607,0.68204,0.0
1727305334840,0.682035,0.0
1727305336123,0.682035,0.0
1727305336417,0.68204,0.0
1727305336531,0.682035,0.0
1727305339197,0.682035,0.0
1727305340442,0.68204,0.0
1727305340660,0.682035,0.0
1727305341289,0.682035,0.0
1727305341535,0.68204,0.0
1727305342247,0.68204,0.0
1727305343723,0.68204,0.0
1727305344057,0.68204,0.0
1727305344732,0.68204,0.0
1727305345045,0.68204,0.0
1727305345232,0.682045,0.0
1727305346279,0.68204,0.0
1727305346569,0.682045,0.0
1727305348493,0.68204,0.0
1727305348599,0.682045,0.0
1727305349501,0.68204,0.0
1727305350355,0.68205,0.0
1727305349635,0.682045,0.0
1727305350601,0.68206,0.0
1727305352222,0.682055,0.0
1727305353052,0.68206,0.0
1727305353282,0.682055,0.0
1727305358671,0.68206,0.0
1727305359480,0.68205,0.0
1727305361986,0.682045,0.0
1727305370990,0.68204,0.0
1727305371316,0.682045,0.0
1727305371998,0.68204,0.0
1727305374680,0.682045,0.0
1727305375027,0.68204,0.0
1727305376085,0.68204,0.0
1727305384425,0.682035,0.0
1727305384665,0.68204,0.0
1727305385055,0.68204,0.0
1727305385943,0.682045,0.0
1727305390072,0.682065,0.0
1727305390381,0.68206,0.0
1727305391092,0.682045,0.0
1727305393447,0.68205,0.0
1727305395670,0.682045,0.0
1727305400912,0.68205,0.0
1727305401408,0.682045,0.0
1727305405569,0.68205,0.0
1727305406096,0.682045,0.0
1727305412225,0.68204,0.0
1727305435261,0.682025,0.0
1727305435732,0.682005,0.0
1727305438529,0.682015,0.0
1727305441308,0.682005,0.0
1727305445565,0.682015,0.0
1727305447559,0.682025,0.0
1727305447742,0.682055,0.0
1727305451156,0.682045,0.0
1727305452049,0.68205,0.0
1727305455333,0.682045,0.0
1727305455436,0.68205,0.0
1727305457058,0.68206,0.0
1727305457058,0.68206,0.0
1727305466792,0.682055,0.0
1727305466942,0.68205,0.0
1727305468612,0.682055,0.0
1727305471646,0.68204,0.0
1727305473062,0.682055,0.0
1727305495097,0.682065,0.0
1727305495260,0.68206,0.0
1727305513874,0.68204,0.0
1727305514805,0.682055,0.0
1727305519780,0.68206,0.0
1727305519780,0.68206,0.0
1727305535317,0.68206,0.0
1727305535639,0.682065,0.0
1727305538868,0.68206,0.0
1727305551087,0.682025,0.0
1727305551156,0.68199,0.0
1727305565176,0.68197,0.0
1727305579477,0.681955,0.0
1727305581453,0.68197,0.0
1727305583663,0.681955,0.0
1727305585770,0.681995,0.0
1727305586055,0.68199,0.0
1727305587171,0.682025,0.0
1727305591668,0.682025,0.0
1727305594522,0.682025,0.0
1727305595073,0.68203,0.0
1727305600063,0.68203,0.0
1727305601410,0.68206,0.0
1727305601792,0.682085,0.0
1727305601916,0.68208,0.0
1727305602287,0.682065,0.0
1727305602376,0.68206,0.0
1727305608234,0.68206,0.0
1727305616139,0.682065,0.0
1727305617073,0.68206,0.0
1727305623504,0.682085,0.0
1727305623665,0.68208,0.0
1727305630808,0.682085,0.0
1727305631820,0.68208,0.0
1727305637065,0.682085,0.0
1727305637297,0.68208,0.0
1727305638400,0.682085,0.0
1727305639127,0.68208,0.0
1727305639645,0.682085,0.0
1727305640136,0.68208,0.0
1727305640507,0.682085,0.0
1727305641005,0.68208,0.0
1727305643241,0.682085,0.0
1727305644920,0.68208,0.0
1727305651975,0.68209,0.0
1727305653002,0.682085,0.0
1727305653002,0.682085,0.0
1727305663123,0.682105,0.0
1727305667495,0.68209,0.0
1727305669144,0.682105,0.0
1727305671054,0.68209,0.0
1727305671875,0.682105,0.0
1727305682833,0.682115,0.0
1727305683060,0.68212,0.0
1727305685923,0.682115,0.0
1727305686242,0.68212,0.0
1727305692063,0.682115,0.0
1727305692913,0.68211,0.0
1727305693685,0.682115,0.0
1727305693845,0.68211,0.0
1727305694096,0.682115,0.0
1727305700162,0.682115,0.0
1727305702522,0.68211,0.0
1727305712722,0.682115,0.0
1727305718062,0.68211,0.0
1727305723059,0.68211,0.0
1727305725067,0.682115,0.0
1727305730631,0.68211,0.0
1727305731136,0.682115,0.0
1727305734061,0.68211,0.0
1727305739964,0.682115,0.0
1727305758437,0.682125,0.0
1727305761112,0.682115,0.0
1727305777698,0.68211,0.0
1727305778204,0.68211,0.0
1727305780864,0.682115,0.0
1727305788074,0.682115,0.0
1727305800174,0.68211,0.0
1727305800795,0.682115,0.0
1727305806325,0.68211,0.0
1727305807719,0.682115,0.0
1727305837798,0.68215,0.0
1727305838699,0.682165,0.0
1727305844490,0.68218,0.0
1727305852202,0.682195,0.0
1727305877125,0.68219,0.0
1727305883019,0.682195,0.0
1727305883847,0.68219,0.0
1727305884065,0.682195,0.0
1727305884225,0.68219,0.0
1727305884585,0.682195,0.0
1727305884762,0.68219,0.0
1727305885075,0.682195,0.0
1727305885233,0.68219,0.0
1727305887404,0.682195,0.0
1727305888626,0.68219,0.0
1727305889069,0.682195,0.0
1727305889734,0.68219,0.0
1727305890072,0.682195,0.0
1727305890867,0.68219,0.0
1727305891547,0.68219,0.0
1727305891047,0.682195,0.0
1727305892048,0.682195,0.0
1727305892634,0.68219,0.0
1727305893056,0.682195,0.0
1727305897196,0.68219,0.0
1727305898064,0.682195,0.0
1727305899879,0.68219,0.0
1727305900035,0.682195,0.0
1727305900445,0.682195,0.0
1727305901257,0.68219,0.0
1727305902455,0.682195,0.0
1727305903064,0.68219,0.0
1727305903286,0.682195,0.0
1727305903844,0.68219,0.0
1727305904058,0.682195,0.0
1727305904350,0.68219,0.0
1727305911160,0.682195,0.0
1727305911382,0.68219,0.0
1727305917194,0.68218,0.0
1727305952500,0.682185,0.0
1727305953080,0.68218,0.0
1727305953560,0.682185,0.0
1727305955000,0.68219,0.0
1727305958631,0.682195,0.0
1727305959130,0.68219,0.0
1727305959770,0.682195,0.0
1727305960272,0.68219,0.0
1727305960874,0.682195,0.0
1727305961371,0.68219,0.0
1727305962228,0.68219,0.0
1727305965915,0.682195,0.0
1727305966491,0.682195,0.0
1727305966759,0.68219,0.0
1727305966957,0.682185,0.0
1727305967259,0.682195,0.0
1727305967438,0.682185,0.0
1727305967570,0.682195,0.0
1727305967860,0.68219,0.0
1727305968981,0.682195,0.0
1727305970059,0.68219,0.0
1727305971485,0.682195,0.0
1727305971905,0.68219,0.0
1727305983040,0.682195,0.0
1727306002619,0.682195,0.0
1727306025882,0.682205,0.0
1727306026052,0.6822,0.0
1727306029079,0.6822,0.0
1727306028871,0.682205,0.0
1727306033099,0.6822,0.0
1727306032905,0.682205,0.0
1727306033099,0.6822,0.0
1727306074452,0.68223,0.0
1727306074929,0.682225,0.0
1727306075208,0.68223,0.0
1727306075479,0.682225,0.0
1727306075777,0.68223,0.0
1727306076044,0.682225,0.0
1727306100463,0.68223,0.0
1727306100941,0.682225,0.0
1727306101192,0.68223,0.0
1727306102061,0.682225,0.0
1727306103205,0.682225,0.0
1727306104758,0.68223,0.0
1727306105053,0.682225,0.0
1727306106368,0.68223,0.0
1727306106488,0.682225,0.0
1727306110986,0.682225,0.0
1727306128381,0.68222,0.0
1727306147249,0.68222,0.0
1727306149053,0.68222,0.0
1727306152874,0.682225,0.0
1727306158619,0.68222,0.0
1727306158902,0.682225,0.0
1727306177560,0.68222,0.0
1727306181070,0.682205,0.0
1727306181421,0.68216,0.0
1727306182374,0.68219,0.0
1727306182513,0.6822,0.0
1727306182513,0.6822,0.0
1727306266163,0.682215,0.0
1727306273054,0.68222,0.0
1727306276559,0.682225,0.0
1727306278081,0.682225,0.0
1727306280808,0.68222,0.0
1727306282071,0.682225,0.0
1727306284952,0.68222,0.0
1727306287507,0.682225,0.0
1727306294197,0.68222,0.0
1727306294197,0.68222,0.0
1727306323786,0.682255,0.0
1727306341911,0.6823,0.0
1727306342615,0.68232,0.0
1727306343145,0.68232,0.0
1727306343145,0.68232,0.0
1727306393444,0.68229,0.0
1727306393844,0.682215,0.0
1727306393895,0.682205,0.0
1727306409593,0.68216,0.0
1727306409812,0.68218,0.0
1727306411773,0.682185,0.0
1727306411994,0.68218,0.0
1727306414568,0.682175,0.0
1727306414846,0.68219,0.0
1727306415047,0.68219,0.0
1727306415337,0.68218,0.0
1727306415578,0.68218,0.0
1727306418541,0.68219,0.0
1727306418712,0.682185,0.0
1727306419606,0.68219,0.0
1727306419749,0.682185,0.0
1727306420116,0.68216,0.0
1727306424884,0.682155,0.0
1727306429598,0.68216,0.0
1727306431135,0.68216,0.0
1727306433529,0.682155,0.0
1727306435418,0.682165,0.0
1727306441834,0.682155,0.0
1727306442035,0.682165,0.0
1727306443458,0.682155,0.0
1727306445320,0.68216,0.0
1727306445840,0.682155,0.0
1727306446216,0.68216,0.0
1727306464191,0.682155,0.0
1727306467172,0.68216,0.0
1727306483242,0.682155,0.0
1727306483695,0.68216,0.0
1727306488115,0.68216,0.0
1727306488115,0.68216,0.0
1727306509352,0.68225,0.0
1727306510444,0.682265,0.0
1727306514859,0.68226,0.0
1727306527766,0.682255,0.0
1727306528054,0.68226,0.0
1727306530868,0.682255,0.0
1727306531680,0.68226,0.0
1727306531950,0.682255,0.0
1727306532523,0.68226,0.0
1727306535411,0.682255,0.0
1727306535596,0.68226,0.0
1727306536083,0.682255,0.0
1727306540474,0.682255,0.0
1727306541080,0.68226,0.0
1727306541658,0.682255,0.0
1727306542811,0.68226,0.0
1727306543050,0.682255,0.0
1727306544420,0.68226,0.0
1727306545059,0.682255,0.0
1727306548726,0.68223,0.0
1727306548867,0.682225,0.0
1727306551056,0.682235,0.0
1727306551692,0.682225,0.0
1727306552017,0.682235,0.0
1727306552502,0.68223,0.0
1727306552751,0.682235,0.0
1727306553058,0.68223,0.0
1727306553425,0.68224,0.0
1727306553613,0.68223,0.0
1727306553830,0.68224,0.0
1727306554109,0.68223,0.0
1727306554302,0.68224,0.0
1727306555114,0.68223,0.0
1727306556056,0.68224,0.0
1727306558083,0.68223,0.0
1727306558358,0.68224,0.0
1727306558358,0.68224,0.0
1727306592285,0.682225,0.0
1727306594397,0.682235,0.0
1727306594886,0.68223,0.0
1727306596190,0.682235,0.0
1727306596699,0.68223,0.0
1727306620669,0.682275,0.0
1727306622760,0.68229,0.0
1727306622845,0.682295,0.0
1727306622845,0.682295,0.0
1727306646332,0.682295,0.0
1727306649967,0.682295,0.0
1727306650282,0.682295,0.0
1727306660137,0.682295,0.0
1727306660137,0.682295,0.0
1727306703031,0.682285,0.0
1727306707525,0.68229,0.0
1727306708152,0.682285,0.0
1727306708246,0.682285,0.0
1727306708897,0.68229,0.0
1727306725949,0.68228,0.0
1727306726413,0.682285,0.0
1727306727371,0.68228,0.0
1727306728063,0.682285,0.0
1727306728978,0.68228,0.0
1727306728978,0.68228,0.0
1727306794072,0.68229,0.0
1727306794511,0.68229,0.0
1727306794511,0.68229,0.0
1727306829917,0.68229,0.0
