timestamp(ms since Epoch),last price,volume
1727288869042,1.34743,0.0
1727288869222,1.347425,0.0
1727288869414,1.34743,0.0
1727288875889,1.347405,0.0
1727288876849,1.347365,0.0
1727288877141,1.34738,0.0
1727288877880,1.34744,0.0
1727288878103,1.34743,0.0
1727288878338,1.34744,0.0
1727288878554,1.34743,0.0
1727288878662,1.347435,0.0
1727288879545,1.34743,0.0
1727288880104,1.34741,0.0
1727288881604,1.34741,0.0
1727288881876,1.34742,0.0
1727288882082,1.34742,0.0
1727288883127,1.34742,0.0
1727288883309,1.347405,0.0
1727288883720,1.34742,0.0
1727288886853,1.347405,0.0
1727288887039,1.34739,0.0
1727288887543,1.34739,0.0
1727288888311,1.347395,0.0
1727288888652,1.34739,0.0
1727288888854,1.347395,0.0
1727288889107,1.347405,0.0
1727288889573,1.347395,0.0
1727288889782,1.347405,0.0
1727288890127,1.347415,0.0
1727288890288,1.34739,0.0
1727288890699,1.347395,0.0
1727288891505,1.34739,0.0
1727288891295,1.347395,0.0
1727288892914,1.347405,0.0
1727288892652,1.34741,0.0
1727288893118,1.3474,0.0
1727288893370,1.3474,0.0
1727288893605,1.347405,0.0
1727288894112,1.347405,0.0
1727288894786,1.3474,0.0
1727288894969,1.347405,0.0
1727288897152,1.3474,0.0
1727288897338,1.347405,0.0
1727288897664,1.347365,0.0
1727288897715,1.347375,0.0
1727288898118,1.34739,0.0
1727288898368,1.34739,0.0
1727288899767,1.347385,0.0
1727288900134,1.347395,0.0
1727288900188,1.3474,0.0
1727288900666,1.347385,0.0
1727288900856,1.34739,0.0
1727288901366,1.347385,0.0
1727288901535,1.34739,0.0
1727288902432,1.34739,0.0
1727288902621,1.34739,0.0
1727288903013,1.347395,0.0
1727288903270,1.347395,0.0
1727288903604,1.34739,0.0
1727288903766,1.347385,0.0
1727288905642,1.347405,0.0
1727288905941,1.347405,0.0
1727288906165,1.347395,0.0
1727288906334,1.347395,0.0
1727288906895,1.34741,0.0
1727288907014,1.34738,0.0
1727288908833,1.347395,0.0
1727288909071,1.347395,0.0
1727288909209,1.34739,0.0
1727288910353,1.34739,0.0
1727288910539,1.347385,0.0
1727288910884,1.34739,0.0
1727288911012,1.34739,0.0
1727288911263,1.347395,0.0
1727288911566,1.3474,0.0
1727288911871,1.347395,0.0
1727288912028,1.34739,0.0
1727288912677,1.34739,0.0
1727288913162,1.347395,0.0
1727288913688,1.34741,0.0
1727288913792,1.347395,0.0
1727288914861,1.34739,0.0
1727288917670,1.347405,0.0
1727288917752,1.347395,0.0
1727288918833,1.34739,0.0
1727288919166,1.347395,0.0
1727288919651,1.347395,0.0
1727288919919,1.347395,0.0
1727288920057,1.347395,0.0
1727288920678,1.347395,0.0
1727288921192,1.347395,0.0
1727288920898,1.347395,0.0
1727288921303,1.34739,0.0
1727288921624,1.347395,0.0
1727288921940,1.347395,0.0
1727288922165,1.3474,0.0
1727288923189,1.347415,0.0
1727288923300,1.34742,0.0
1727288924399,1.3474,0.0
1727288926059,1.347395,0.0
1727288985876,1.34721,0.0
1727288987163,1.347225,0.0
1727288987228,1.347215,0.0
1727288987652,1.34722,0.0
1727288989734,1.34721,0.0
1727288990143,1.34722,0.0
1727288990247,1.34721,0.0
1727288990654,1.347205,0.0
1727288991409,1.347215,0.0
1727288991594,1.347205,0.0
1727288991906,1.347215,0.0
1727288992061,1.347205,0.0
1727288992311,1.3472,0.0
1727288992552,1.3472,0.0
1727288992906,1.3472,0.0
1727288993171,1.34721,0.0
1727288993405,1.34717,0.0
1727288993564,1.34714,0.0
1727288993725,1.347125,0.0
1727288994273,1.347125,0.0
1727288994171,1.347135,0.0
1727288994503,1.347135,0.0
1727288995186,1.347125,0.0
1727288995398,1.34713,0.0
1727288995627,1.347135,0.0
1727288996165,1.34713,0.0
1727288996819,1.34713,0.0
1727288997565,1.347125,0.0
1727288997856,1.34713,0.0
1727288998071,1.347125,0.0
1727288998689,1.347125,0.0
1727288998888,1.34713,0.0
1727288999307,1.34713,0.0
1727288999907,1.347105,0.0
1727289000093,1.347085,0.0
1727289000447,1.34709,0.0
1727289000941,1.34709,0.0
1727289001228,1.34709,0.0
1727289007013,1.34709,0.0
1727289005663,1.34709,0.0
1727289006708,1.34707,0.0
1727289008102,1.34711,0.0
1727289008442,1.34709,0.0
1727289009547,1.34708,0.0
1727289009189,1.34708,0.0
1727289010466,1.347085,0.0
1727289010802,1.34708,0.0
1727289011143,1.347085,0.0
1727289011904,1.34709,0.0
1727289012983,1.34709,0.0
1727289013720,1.3471,0.0
1727289014001,1.347105,0.0
1727289013840,1.34711,0.0
1727289014403,1.34711,0.0
1727289014993,1.34711,0.0
1727289019535,1.34714,0.0
1727289019827,1.34713,0.0
1727289021449,1.347125,0.0
1727289021597,1.34713,0.0
1727289021925,1.347125,0.0
1727289022141,1.34713,0.0
1727289022460,1.347125,0.0
1727289022727,1.34713,0.0
1727289023013,1.34713,0.0
1727289023301,1.347125,0.0
1727289023530,1.34713,0.0
1727289023776,1.347125,0.0
1727289024041,1.34713,0.0
1727289024771,1.34709,0.0
1727289025232,1.347085,0.0
1727289025443,1.347085,0.0
1727289025689,1.34709,0.0
1727289025846,1.347085,0.0
1727289027493,1.34709,0.0
1727289028037,1.347085,0.0
1727289027648,1.34709,0.0
1727289028372,1.347095,0.0
1727289030973,1.34709,0.0
1727289031363,1.34709,0.0
1727289031151,1.34709,0.0
1727289031677,1.34709,0.0
1727289031921,1.347105,0.0
1727289032394,1.347095,0.0
1727289032630,1.347105,0.0
1727289032991,1.347105,0.0
1727289033741,1.347085,0.0
1727289033998,1.34709,0.0
1727289034450,1.34709,0.0
1727289034218,1.34709,0.0
1727289034961,1.347085,0.0
1727289035402,1.347085,0.0
1727289036003,1.34709,0.0
1727289035123,1.34709,0.0
1727289036395,1.347085,0.0
1727289036208,1.34709,0.0
1727289036635,1.34709,0.0
1727289036883,1.34709,0.0
1727289037164,1.34709,0.0
1727289038051,1.34709,0.0
1727289038770,1.347095,0.0
1727289038966,1.347095,0.0
1727289039109,1.34709,0.0
1727289040428,1.34709,0.0
1727289040713,1.34709,0.0
1727289041047,1.34707,0.0
1727289041266,1.347045,0.0
1727289041489,1.347025,0.0
1727289042025,1.347035,0.0
1727289041789,1.34704,0.0
1727289042242,1.347035,0.0
1727289042414,1.347045,0.0
1727289042808,1.347045,0.0
1727289043040,1.34702,0.0
1727289043500,1.34702,0.0
1727289044316,1.347045,0.0
1727289048973,1.34707,0.0
1727289049340,1.347075,0.0
1727289049187,1.347065,0.0
1727289107453,1.34722,0.0
1727289107906,1.347215,0.0
1727289110560,1.347195,0.0
1727289110921,1.347205,0.0
1727289113403,1.347195,0.0
1727289114326,1.34719,0.0
1727289115300,1.34721,0.0
1727289115888,1.34721,0.0
1727289120276,1.347205,0.0
1727289120855,1.347205,0.0
1727289121236,1.347205,0.0
1727289121306,1.34722,0.0
1727289122037,1.34719,0.0
1727289121588,1.347235,0.0
1727289123058,1.34715,0.0
1727289122994,1.347145,0.0
1727289124157,1.34716,0.0
1727289124764,1.347155,0.0
1727289125133,1.347145,0.0
1727289126112,1.347155,0.0
1727289126796,1.34716,0.0
1727289127146,1.347155,0.0
1727289128242,1.34715,0.0
1727289128494,1.347155,0.0
1727289129749,1.34718,0.0
1727289129971,1.34721,0.0
1727289130561,1.347235,0.0
1727289135632,1.347245,0.0
1727289139908,1.34723,0.0
1727289139631,1.347225,0.0
1727289140114,1.34719,0.0
1727289140233,1.347205,0.0
1727289141369,1.3472,0.0
1727289141673,1.347205,0.0
1727289142754,1.3472,0.0
1727289144177,1.347205,0.0
1727289144330,1.3472,0.0
1727289144511,1.347205,0.0
1727289144864,1.347215,0.0
1727289149325,1.34721,0.0
1727289156746,1.347175,0.0
1727289157809,1.34719,0.0
1727289158267,1.347195,0.0
1727289159730,1.34719,0.0
1727289159965,1.34719,0.0
1727289160051,1.347195,0.0
1727289160424,1.34719,0.0
1727289160716,1.3472,0.0
1727289161447,1.347215,0.0
1727289163122,1.3472,0.0
1727289164180,1.347215,0.0
1727289167396,1.347215,0.0
1727289230240,1.347365,0.0
1727289232083,1.34736,0.0
1727289231535,1.34736,0.0
1727289231807,1.347355,0.0
1727289232260,1.34736,0.0
1727289232411,1.347365,0.0
1727289233589,1.34736,0.0
1727289234107,1.34736,0.0
1727289234224,1.347365,0.0
1727289234561,1.347365,0.0
1727289235564,1.347365,0.0
1727289236514,1.347375,0.0
1727289236858,1.34737,0.0
1727289238222,1.347375,0.0
1727289238569,1.34737,0.0
1727289240605,1.34737,0.0
1727289240253,1.347375,0.0
1727289240828,1.347405,0.0
1727289242607,1.34742,0.0
1727289242190,1.34742,0.0
1727289242972,1.347415,0.0
1727289245543,1.34739,0.0
1727289245899,1.347405,0.0
1727289246287,1.347395,0.0
1727289246654,1.34739,0.0
1727289247012,1.347395,0.0
1727289248133,1.34739,0.0
1727289248391,1.347395,0.0
1727289248746,1.34739,0.0
1727289249223,1.347405,0.0
1727289249585,1.3474,0.0
1727289249939,1.347405,0.0
1727289250865,1.34742,0.0
1727289251098,1.34743,0.0
1727289251148,1.347435,0.0
1727289252642,1.34743,0.0
1727289253014,1.34746,0.0
1727289253458,1.347475,0.0
1727289253749,1.34747,0.0
1727289254144,1.347475,0.0
1727289254486,1.34747,0.0
1727289255461,1.34746,0.0
1727289255006,1.347465,0.0
1727289255232,1.347465,0.0
1727289256564,1.347415,0.0
1727289256052,1.347455,0.0
1727289256375,1.347435,0.0
1727289256803,1.347415,0.0
1727289256989,1.34742,0.0
1727289257514,1.347435,0.0
1727289258186,1.34743,0.0
1727289258648,1.347435,0.0
1727289259092,1.347415,0.0
1727289259866,1.347425,0.0
1727289259440,1.34742,0.0
1727289259988,1.34742,0.0
1727289261007,1.347415,0.0
1727289263404,1.347395,0.0
1727289268535,1.347385,0.0
1727289268667,1.34739,0.0
1727289269490,1.347385,0.0
1727289269987,1.34739,0.0
1727289270232,1.347385,0.0
1727289270375,1.34739,0.0
1727289270819,1.34739,0.0
1727289271462,1.3474,0.0
1727289272821,1.347405,0.0
1727289273258,1.3474,0.0
1727289274320,1.347395,0.0
1727289274463,1.347385,0.0
1727289274973,1.34739,0.0
1727289275846,1.347385,0.0
1727289276291,1.34739,0.0
1727289276588,1.347385,0.0
1727289278088,1.34739,0.0
1727289279519,1.34739,0.0
1727289279893,1.347385,0.0
1727289282007,1.347375,0.0
1727289283107,1.347385,0.0
1727289283159,1.34739,0.0
1727289283829,1.34739,0.0
1727289284002,1.347385,0.0
1727289284339,1.347385,0.0
1727289284587,1.34737,0.0
1727289284731,1.347365,0.0
1727289284885,1.34736,0.0
1727289285280,1.347365,0.0
1727289285579,1.347375,0.0
1727289285838,1.34736,0.0
1727289290861,1.34736,0.0
1727289290987,1.347365,0.0
1727289291330,1.347375,0.0
1727289349316,1.34742,0.0
1727289351607,1.347425,0.0
1727289351790,1.34742,0.0
1727289352029,1.347425,0.0
1727289352345,1.34742,0.0
1727289352607,1.347425,0.0
1727289352777,1.34742,0.0
1727289353270,1.347425,0.0
1727289353051,1.347425,0.0
1727289355259,1.34743,0.0
1727289356895,1.34743,0.0
1727289357320,1.347435,0.0
1727289357579,1.347435,0.0
1727289358527,1.347435,0.0
1727289360688,1.34747,0.0
1727289360801,1.347465,0.0
1727289361080,1.34747,0.0
1727289361254,1.347465,0.0
1727289361566,1.347475,0.0
1727289361909,1.34746,0.0
1727289362552,1.34746,0.0
1727289362960,1.34746,0.0
1727289363155,1.347465,0.0
1727289363328,1.34746,0.0
1727289363565,1.347455,0.0
1727289363742,1.34746,0.0
1727289364033,1.347455,0.0
1727289364433,1.34746,0.0
1727289366084,1.347455,0.0
1727289366465,1.34746,0.0
1727289368944,1.347455,0.0
1727289369148,1.34745,0.0
1727289371691,1.347435,0.0
1727289371821,1.34743,0.0
1727289373404,1.34743,0.0
1727289372842,1.347425,0.0
1727289373713,1.34742,0.0
1727289373062,1.34743,0.0
1727289374540,1.347425,0.0
1727289375812,1.347405,0.0
1727289376221,1.34741,0.0
1727289376888,1.347405,0.0
1727289376383,1.347405,0.0
1727289376586,1.34741,0.0
1727289379135,1.34741,0.0
1727289381800,1.34741,0.0
1727289381620,1.347405,0.0
1727289382118,1.347405,0.0
1727289384113,1.34743,0.0
1727289383502,1.34743,0.0
1727289383978,1.347425,0.0
1727289384386,1.347425,0.0
1727289384611,1.34742,0.0
1727289384948,1.34742,0.0
1727289385181,1.347425,0.0
1727289385675,1.34742,0.0
1727289385826,1.347425,0.0
1727289386057,1.34742,0.0
1727289386435,1.347425,0.0
1727289386929,1.34745,0.0
1727289387011,1.34744,0.0
1727289387743,1.34747,0.0
1727289387950,1.347475,0.0
1727289388184,1.34748,0.0
1727289390256,1.34746,0.0
1727289390503,1.34748,0.0
1727289391158,1.34743,0.0
1727289391457,1.34743,0.0
1727289396224,1.347415,0.0
1727289400280,1.347425,0.0
1727289402167,1.34742,0.0
1727289403063,1.34742,0.0
1727289402848,1.347425,0.0
1727289403408,1.347425,0.0
1727289405074,1.34742,0.0
1727289405242,1.34742,0.0
1727289406166,1.347425,0.0
1727289406489,1.34742,0.0
1727289473612,1.347295,0.0
1727289475165,1.347315,0.0
1727289476203,1.347305,0.0
1727289475629,1.347305,0.0
1727289478188,1.347315,0.0
1727289479247,1.347305,0.0
1727289479167,1.34731,0.0
1727289479672,1.34731,0.0
1727289479818,1.347305,0.0
1727289480568,1.34731,0.0
1727289480943,1.347315,0.0
1727289481213,1.347315,0.0
1727289481811,1.34731,0.0
1727289482176,1.347305,0.0
1727289482624,1.34731,0.0
1727289482920,1.34729,0.0
1727289483567,1.347295,0.0
1727289483957,1.34729,0.0
1727289484235,1.347295,0.0
1727289484390,1.34729,0.0
1727289484615,1.347295,0.0
1727289485358,1.34729,0.0
1727289488975,1.34729,0.0
1727289489194,1.34732,0.0
1727289489423,1.347315,0.0
1727289489644,1.34733,0.0
1727289493202,1.347355,0.0
1727289493391,1.34736,0.0
1727289493575,1.347355,0.0
1727289493909,1.34736,0.0
1727289494507,1.347355,0.0
1727289495219,1.347355,0.0
1727289494890,1.34736,0.0
1727289495544,1.34736,0.0
1727289498053,1.347365,0.0
1727289499270,1.34736,0.0
1727289499973,1.347365,0.0
1727289500176,1.34736,0.0
1727289501163,1.34736,0.0
1727289503458,1.34737,0.0
1727289506094,1.347385,0.0
1727289506925,1.34739,0.0
1727289508008,1.34739,0.0
1727289507665,1.347385,0.0
1727289508338,1.347385,0.0
1727289509541,1.347385,0.0
1727289509750,1.34739,0.0
1727289510077,1.347385,0.0
1727289511154,1.34739,0.0
1727289512024,1.34737,0.0
1727289512282,1.347375,0.0
1727289512458,1.347375,0.0
1727289512699,1.347375,0.0
1727289513287,1.34738,0.0
1727289514026,1.34737,0.0
1727289514159,1.34737,0.0
1727289515176,1.347365,0.0
1727289515809,1.34738,0.0
1727289515877,1.347385,0.0
1727289516309,1.347375,0.0
1727289517028,1.34738,0.0
1727289517804,1.34738,0.0
1727289518039,1.34737,0.0
1727289520418,1.347385,0.0
1727289520697,1.34738,0.0
1727289521282,1.34739,0.0
1727289524858,1.34739,0.0
1727289527764,1.347385,0.0
1727289528107,1.34739,0.0
1727289534047,1.347395,0.0
1727289533680,1.3474,0.0
1727289534293,1.3474,0.0
1727289628298,1.34753,0.0
1727289631555,1.34755,0.0
1727289632448,1.347575,0.0
1727289632331,1.34758,0.0
1727289631609,1.34758,0.0
1727289635175,1.347545,0.0
1727289635835,1.34755,0.0
1727289636009,1.34756,0.0
1727289636307,1.347555,0.0
1727289636472,1.347545,0.0
1727289637324,1.34755,0.0
1727289637556,1.34755,0.0
1727289637848,1.347555,0.0
1727289638069,1.34755,0.0
1727289638893,1.34755,0.0
1727289639323,1.347555,0.0
1727289641294,1.347555,0.0
1727289641443,1.34755,0.0
1727289641727,1.347555,0.0
1727289642049,1.347545,0.0
1727289643474,1.34755,0.0
1727289643693,1.347555,0.0
1727289644360,1.34755,0.0
1727289646052,1.347555,0.0
1727289646341,1.34755,0.0
1727289646512,1.347555,0.0
1727289647658,1.34755,0.0
1727289647906,1.34756,0.0
1727289654236,1.34754,0.0
1727289655001,1.34755,0.0
1727289655252,1.347545,0.0
1727289656860,1.347565,0.0
1727289658011,1.347555,0.0
1727289659033,1.34756,0.0
1727289660083,1.347565,0.0
1727289660421,1.34757,0.0
1727289660566,1.347565,0.0
1727289661876,1.347585,0.0
1727289664595,1.34757,0.0
1727289665177,1.347575,0.0
1727289665402,1.347565,0.0
1727289665598,1.34757,0.0
1727289665877,1.34758,0.0
1727289667547,1.34757,0.0
1727289666520,1.34757,0.0
1727289667168,1.347575,0.0
1727289667825,1.347575,0.0
1727289668134,1.34757,0.0
1727289669383,1.347565,0.0
1727289669504,1.34757,0.0
1727289670391,1.34757,0.0
1727289671052,1.347575,0.0
1727289673662,1.34757,0.0
1727289681561,1.347565,0.0
1727289681769,1.34757,0.0
1727289682374,1.34757,0.0
1727289682219,1.347565,0.0
1727289745884,1.34765,0.0
1727289747767,1.347665,0.0
1727289748762,1.347675,0.0
1727289750473,1.347675,0.0
1727289753092,1.34768,0.0
1727289753092,1.34768,0.0
1727289761057,1.34769,0.0
1727289761238,1.347695,0.0
1727289761736,1.34769,0.0
1727289763706,1.347695,0.0
1727289764000,1.34769,0.0
1727289766898,1.347685,0.0
1727289767140,1.347685,0.0
1727289768590,1.34768,0.0
1727289768736,1.347675,0.0
1727289769150,1.347665,0.0
1727289769206,1.34766,0.0
1727289769767,1.347665,0.0
1727289770155,1.34766,0.0
1727289770427,1.347665,0.0
1727289771281,1.34766,0.0
1727289772141,1.347665,0.0
1727289772518,1.347665,0.0
1727289773268,1.34766,0.0
1727289773667,1.347665,0.0
1727289774480,1.34767,0.0
1727289775057,1.347665,0.0
1727289775550,1.34766,0.0
1727289777032,1.347665,0.0
1727289777229,1.34767,0.0
1727289777940,1.34766,0.0
1727289778106,1.347665,0.0
1727289778583,1.34765,0.0
1727289779033,1.34766,0.0
1727289780317,1.34768,0.0
1727289780649,1.34767,0.0
1727289781771,1.347675,0.0
1727289782078,1.34767,0.0
1727289783449,1.347665,0.0
1727289783885,1.34767,0.0
1727289785203,1.34765,0.0
1727289785414,1.34765,0.0
1727289785688,1.347645,0.0
1727289785842,1.347605,0.0
1727289786221,1.347605,0.0
1727289786591,1.34761,0.0
1727289788117,1.347635,0.0
1727289788452,1.347635,0.0
1727289788682,1.347645,0.0
1727289788809,1.34764,0.0
1727289789201,1.347645,0.0
1727289790688,1.34764,0.0
1727289790963,1.347635,0.0
1727289791168,1.34763,0.0
1727289791473,1.34763,0.0
1727289791686,1.347635,0.0
1727289791930,1.347625,0.0
1727289792084,1.347585,0.0
1727289792389,1.347585,0.0
1727289792963,1.347585,0.0
1727289793200,1.34758,0.0
1727289793474,1.347585,0.0
1727289793898,1.347585,0.0
1727289793657,1.34758,0.0
1727289794937,1.34758,0.0
1727289795087,1.347585,0.0
1727289796688,1.34758,0.0
1727289797419,1.347575,0.0
1727289797780,1.34758,0.0
1727289798108,1.347575,0.0
1727289798414,1.34758,0.0
1727289799306,1.347575,0.0
1727289799552,1.34758,0.0
1727289799951,1.34758,0.0
1727289800168,1.347585,0.0
1727289800435,1.34758,0.0
1727289800927,1.347585,0.0
1727289804773,1.347585,0.0
1727289805289,1.34758,0.0
1727289868637,1.347595,0.0
1727289870648,1.347605,0.0
1727289870343,1.3476,0.0
1727289870785,1.3476,0.0
1727289875938,1.347595,0.0
1727289876070,1.3476,0.0
1727289877117,1.347595,0.0
1727289877329,1.3476,0.0
1727289877987,1.347595,0.0
1727289879849,1.3476,0.0
1727289889065,1.34759,0.0
1727289891404,1.347595,0.0
1727289895592,1.3476,0.0
1727289900583,1.347605,0.0
1727289900913,1.3476,0.0
1727289907766,1.3476,0.0
1727289908819,1.347595,0.0
1727289909051,1.3476,0.0
1727289911187,1.347645,0.0
1727289911401,1.347685,0.0
1727289911760,1.347685,0.0
1727289911573,1.34768,0.0
1727289912103,1.34768,0.0
1727289912295,1.347685,0.0
1727289912853,1.34769,0.0
1727289915186,1.347675,0.0
1727289916481,1.347635,0.0
1727289916532,1.347615,0.0
1727289918666,1.3476,0.0
1727289923414,1.3476,0.0
1727289923710,1.347595,0.0
1727289987183,1.3476,0.0
1727289991804,1.34761,0.0
1727289992768,1.347615,0.0
1727289994297,1.34762,0.0
1727289995435,1.34766,0.0
1727289996189,1.347675,0.0
1727289997335,1.34767,0.0
1727289997482,1.347695,0.0
1727289998169,1.34767,0.0
1727289999803,1.347685,0.0
1727290000696,1.347665,0.0
1727290001175,1.347645,0.0
1727290002655,1.34766,0.0
1727290003000,1.347655,0.0
1727290005809,1.34766,0.0
1727290006158,1.347655,0.0
1727290009078,1.347665,0.0
1727290009525,1.34766,0.0
1727290011610,1.347645,0.0
1727290013279,1.34766,0.0
1727290013678,1.347665,0.0
1727290019715,1.34776,0.0
1727290017051,1.347665,0.0
1727290019305,1.34767,0.0
1727290019553,1.34769,0.0
1727290019850,1.347755,0.0
1727290020312,1.34776,0.0
1727290020622,1.34777,0.0
1727290021345,1.34775,0.0
1727290029210,1.34773,0.0
1727290029386,1.34775,0.0
1727290030102,1.347715,0.0
1727290035834,1.34775,0.0
1727290042618,1.34775,0.0
1727290042862,1.34773,0.0
1727290103865,1.347745,0.0
1727290107968,1.347775,0.0
1727290108133,1.34779,0.0
1727290108305,1.347785,0.0
1727290111877,1.34779,0.0
1727290112195,1.347795,0.0
1727290112538,1.34779,0.0
1727290113092,1.347795,0.0
1727290115601,1.34779,0.0
1727290117352,1.347795,0.0
1727290117730,1.347795,0.0
1727290118472,1.3478,0.0
1727290118639,1.347795,0.0
1727290119655,1.3478,0.0
1727290121670,1.3478,0.0
1727290123214,1.347805,0.0
1727290123372,1.3478,0.0
1727290123978,1.3478,0.0
1727290124277,1.3478,0.0
1727290125065,1.3478,0.0
1727290124925,1.347805,0.0
1727290125724,1.347805,0.0
1727290126159,1.347795,0.0
1727290126525,1.3478,0.0
1727290126597,1.347795,0.0
1727290126915,1.34779,0.0
1727290127252,1.347795,0.0
1727290127644,1.34779,0.0
1727290127968,1.347795,0.0
1727290128989,1.34779,0.0
1727290129612,1.347795,0.0
1727290132771,1.3478,0.0
1727290133286,1.34779,0.0
1727290136052,1.347795,0.0
1727290141678,1.347775,0.0
1727290148385,1.34772,0.0
1727290151594,1.347755,0.0
1727290151705,1.34775,0.0
1727290151886,1.34777,0.0
1727290152241,1.34777,0.0
1727290152578,1.34776,0.0
1727290152754,1.34777,0.0
1727290153331,1.34777,0.0
1727290154258,1.347795,0.0
1727290154815,1.347785,0.0
1727290156338,1.347795,0.0
1727290156693,1.34779,0.0
1727290157504,1.34779,0.0
1727290158255,1.347795,0.0
1727290158613,1.34779,0.0
1727290159265,1.347795,0.0
1727290159482,1.34779,0.0
1727290161317,1.347785,0.0
1727290161447,1.34779,0.0
1727290162385,1.347785,0.0
1727290168072,1.34771,0.0
1727290168409,1.347705,0.0
1727290225752,1.34762,0.0
1727290226240,1.347615,0.0
1727290226531,1.347625,0.0
1727290227805,1.34763,0.0
1727290230041,1.34763,0.0
1727290230788,1.347625,0.0
1727290231704,1.347655,0.0
1727290231964,1.347675,0.0
1727290232523,1.34769,0.0
1727290232600,1.347685,0.0
1727290232890,1.347675,0.0
1727290233297,1.347665,0.0
1727290233494,1.34766,0.0
1727290233819,1.347675,0.0
1727290234313,1.34767,0.0
1727290234810,1.347675,0.0
1727290235036,1.34767,0.0
1727290235589,1.34767,0.0
1727290235403,1.347675,0.0
1727290236226,1.347665,0.0
1727290236359,1.34767,0.0
1727290237058,1.347665,0.0
1727290237275,1.34767,0.0
1727290238165,1.347675,0.0
1727290238375,1.34767,0.0
1727290238963,1.347675,0.0
1727290239225,1.34769,0.0
1727290239897,1.34769,0.0
1727290239616,1.347695,0.0
1727290240202,1.347685,0.0
1727290240465,1.34769,0.0
1727290240833,1.347695,0.0
1727290241832,1.347685,0.0
1727290242093,1.34769,0.0
1727290242195,1.347695,0.0
1727290242891,1.34769,0.0
1727290243213,1.347695,0.0
1727290243552,1.3477,0.0
1727290243793,1.3477,0.0
1727290244089,1.347705,0.0
1727290244284,1.3477,0.0
1727290244462,1.347695,0.0
1727290244647,1.34769,0.0
1727290244966,1.347695,0.0
1727290249349,1.34769,0.0
1727290249539,1.347695,0.0
1727290249770,1.34769,0.0
1727290251168,1.347695,0.0
1727290252617,1.34769,0.0
1727290253522,1.347695,0.0
1727290253053,1.347685,0.0
1727290253274,1.34769,0.0
1727290254782,1.347695,0.0
1727290255111,1.34769,0.0
1727290255274,1.347695,0.0
1727290256822,1.347745,0.0
1727290257112,1.347765,0.0
1727290257273,1.347765,0.0
1727290257515,1.347765,0.0
1727290258272,1.34776,0.0
1727290258731,1.347765,0.0
1727290259585,1.347765,0.0
1727290260110,1.34773,0.0
1727290260160,1.347725,0.0
1727290260741,1.34773,0.0
1727290261594,1.34777,0.0
1727290262071,1.34777,0.0
1727290261645,1.347765,0.0
1727290262535,1.347775,0.0
1727290262921,1.347795,0.0
1727290263317,1.347775,0.0
1727290267062,1.3478,0.0
1727290266728,1.347795,0.0
1727290265963,1.34779,0.0
1727290269638,1.347795,0.0
1727290270117,1.347795,0.0
1727290271004,1.34779,0.0
1727290272503,1.34778,0.0
1727290275640,1.347785,0.0
1727290279607,1.347765,0.0
1727290280168,1.347765,0.0
1727290280679,1.34774,0.0
1727290280937,1.34773,0.0
1727290281162,1.347735,0.0
1727290281673,1.34771,0.0
1727290281926,1.34771,0.0
1727290282718,1.347725,0.0
1727290282850,1.347725,0.0
1727290283212,1.34773,0.0
1727290283738,1.347725,0.0
1727290284769,1.34773,0.0
1727290286951,1.34775,0.0
1727290288725,1.34773,0.0
1727290352003,1.34762,0.0
1727290353014,1.34763,0.0
1727290353329,1.347625,0.0
1727290354015,1.347625,0.0
1727290355938,1.34763,0.0
1727290356355,1.347665,0.0
1727290357051,1.347685,0.0
1727290356302,1.347665,0.0
1727290357300,1.347685,0.0
1727290359813,1.34768,0.0
1727290361269,1.347675,0.0
1727290361523,1.347695,0.0
1727290361793,1.34769,0.0
1727290362048,1.347685,0.0
1727290362348,1.34769,0.0
1727290362493,1.3477,0.0
1727290363248,1.347695,0.0
1727290363591,1.3477,0.0
1727290364059,1.347695,0.0
1727290364149,1.34769,0.0
1727290364418,1.347695,0.0
1727290365052,1.34769,0.0
1727290365111,1.347695,0.0
1727290365967,1.34769,0.0
1727290366445,1.347685,0.0
1727290366786,1.34769,0.0
1727290367132,1.347685,0.0
1727290368157,1.34769,0.0
1727290368516,1.347685,0.0
1727290369229,1.347695,0.0
1727290370054,1.3477,0.0
1727290370644,1.347695,0.0
1727290371800,1.34769,0.0
1727290372857,1.347685,0.0
1727290374579,1.347695,0.0
1727290374668,1.347685,0.0
1727290374938,1.34769,0.0
1727290377653,1.347685,0.0
1727290378249,1.347675,0.0
1727290377993,1.34767,0.0
1727290380619,1.34767,0.0
1727290381112,1.34767,0.0
1727290381499,1.347665,0.0
1727290381824,1.34765,0.0
1727290382628,1.347625,0.0
1727290382835,1.34762,0.0
1727290384595,1.34762,0.0
1727290384856,1.347625,0.0
1727290385044,1.34762,0.0
1727290385628,1.34762,0.0
1727290386176,1.347625,0.0
1727290387051,1.34762,0.0
1727290388240,1.347625,0.0
1727290389858,1.34762,0.0
1727290389525,1.34762,0.0
1727290390089,1.34762,0.0
1727290390317,1.347625,0.0
1727290390448,1.34763,0.0
1727290390788,1.34762,0.0
1727290391238,1.347625,0.0
1727290391562,1.347625,0.0
1727290392036,1.34763,0.0
1727290393019,1.34762,0.0
1727290393834,1.347625,0.0
1727290394013,1.34762,0.0
1727290394262,1.347635,0.0
1727290394610,1.34763,0.0
1727290394709,1.347625,0.0
1727290395052,1.34763,0.0
1727290395623,1.347685,0.0
1727290395842,1.347685,0.0
1727290396052,1.34767,0.0
1727290396211,1.34766,0.0
1727290397413,1.347665,0.0
1727290397615,1.347665,0.0
1727290398377,1.347665,0.0
1727290398919,1.347655,0.0
1727290398987,1.347665,0.0
1727290399289,1.34765,0.0
1727290399862,1.34768,0.0
1727290400372,1.34768,0.0
1727290402189,1.34766,0.0
1727290402695,1.34763,0.0
1727290402823,1.347635,0.0
1727290467930,1.34767,0.0
1727290474263,1.34767,0.0
1727290474549,1.347665,0.0
1727290474798,1.34767,0.0
1727290475021,1.34767,0.0
1727290475164,1.347665,0.0
1727290475521,1.347665,0.0
1727290480511,1.34766,0.0
1727290480918,1.34765,0.0
1727290481424,1.347655,0.0
1727290484497,1.34763,0.0
1727290485025,1.34768,0.0
1727290485199,1.34768,0.0
1727290486355,1.347685,0.0
1727290487530,1.347695,0.0
1727290487991,1.347715,0.0
1727290487763,1.347705,0.0
1727290488952,1.347705,0.0
1727290489225,1.347705,0.0
1727290490059,1.3477,0.0
1727290490376,1.347725,0.0
1727290490426,1.34773,0.0
1727290490708,1.347725,0.0
1727290493557,1.347705,0.0
1727290493858,1.34772,0.0
1727290494165,1.34772,0.0
1727290496263,1.347705,0.0
1727290496457,1.347715,0.0
1727290497866,1.347705,0.0
1727290498125,1.3477,0.0
1727290498324,1.347705,0.0
1727290498628,1.347705,0.0
1727290498829,1.347705,0.0
1727290499401,1.347705,0.0
1727290500279,1.347715,0.0
1727290500587,1.347705,0.0
1727290501012,1.3477,0.0
1727290501200,1.34771,0.0
1727290501673,1.3477,0.0
1727290502084,1.347715,0.0
1727290504385,1.347705,0.0
1727290505042,1.347715,0.0
1727290508587,1.3477,0.0
1727290509102,1.34773,0.0
1727290508842,1.347715,0.0
1727290509218,1.347725,0.0
1727290512917,1.34771,0.0
1727290513137,1.347715,0.0
1727290513804,1.3477,0.0
1727290514067,1.347715,0.0
1727290518013,1.347705,0.0
1727290518940,1.34772,0.0
1727290521838,1.34772,0.0
1727290522743,1.347705,0.0
1727290523056,1.347715,0.0
1727290524199,1.347755,0.0
1727290524468,1.34777,0.0
1727290524754,1.34777,0.0
1727290524815,1.347765,0.0
1727290525220,1.34777,0.0
1727290525420,1.347765,0.0
1727290525981,1.34776,0.0
1727290526857,1.347745,0.0
1727290526504,1.347745,0.0
1727290526686,1.347735,0.0
1727290528987,1.34776,0.0
1727290529319,1.347765,0.0
1727290530566,1.34776,0.0
1727290531485,1.34776,0.0
1727290592308,1.34779,0.0
1727290592531,1.347795,0.0
1727290593057,1.34779,0.0
1727290593774,1.3478,0.0
1727290593889,1.347795,0.0
1727290595370,1.34777,0.0
1727290596355,1.34776,0.0
1727290597509,1.34779,0.0
1727290597977,1.34779,0.0
1727290598168,1.347785,0.0
1727290604174,1.34778,0.0
1727290606971,1.34779,0.0
1727290607172,1.34778,0.0
1727290608504,1.347795,0.0
1727290611820,1.347805,0.0
1727290611765,1.3478,0.0
1727290613697,1.3478,0.0
1727290614058,1.347795,0.0
1727290619178,1.347805,0.0
1727290620081,1.347795,0.0
1727290620512,1.34782,0.0
1727290619753,1.3478,0.0
1727290620747,1.347815,0.0
1727290619876,1.3478,0.0
1727290620898,1.347835,0.0
1727290621257,1.347835,0.0
1727290621336,1.34782,0.0
1727290621772,1.3478,0.0
1727290621941,1.347795,0.0
1727290622362,1.3478,0.0
1727290622752,1.347785,0.0
1727290624055,1.34777,0.0
1727290624237,1.34777,0.0
1727290624518,1.34776,0.0
1727290624781,1.347765,0.0
1727290625472,1.347765,0.0
1727290625639,1.34776,0.0
1727290626190,1.347755,0.0
1727290626553,1.34776,0.0
1727290626675,1.347755,0.0
1727290632939,1.34777,0.0
1727290633301,1.34778,0.0
1727290634082,1.34778,0.0
1727290636533,1.34779,0.0
1727290636703,1.34778,0.0
1727290636937,1.3478,0.0
1727290637282,1.347805,0.0
1727290637857,1.3478,0.0
1727290638139,1.347795,0.0
1727290638567,1.34779,0.0
1727290638855,1.34779,0.0
1727290639052,1.347795,0.0
1727290639208,1.34779,0.0
1727290640313,1.347795,0.0
1727290640596,1.347805,0.0
1727290640661,1.347795,0.0
1727290640970,1.34779,0.0
1727290642073,1.347795,0.0
1727290642487,1.347805,0.0
1727290642678,1.347795,0.0
1727290643107,1.3478,0.0
1727290643288,1.347795,0.0
1727290643497,1.3478,0.0
1727290643638,1.347795,0.0
1727290645099,1.34781,0.0
1727290645267,1.347795,0.0
1727290645458,1.347805,0.0
1727290646058,1.347795,0.0
1727290646549,1.3478,0.0
1727290647671,1.347805,0.0
1727290652316,1.347895,0.0
1727290652391,1.3479,0.0
1727290652797,1.347965,0.0
1727290709629,1.34807,0.0
1727290710284,1.348065,0.0
1727290710447,1.348075,0.0
1727290713746,1.34807,0.0
1727290714100,1.348085,0.0
1727290714404,1.34807,0.0
1727290715320,1.34807,0.0
1727290715799,1.34807,0.0
1727290716299,1.34807,0.0
1727290716514,1.348085,0.0
1727290717249,1.348135,0.0
1727290717561,1.348145,0.0
1727290718014,1.34815,0.0
1727290718360,1.348145,0.0
1727290718865,1.34815,0.0
1727290719018,1.348145,0.0
1727290719748,1.34815,0.0
1727290720513,1.348145,0.0
1727290722460,1.34815,0.0
1727290722668,1.348145,0.0
1727290722922,1.34815,0.0
1727290723463,1.348145,0.0
1727290723762,1.348175,0.0
1727290724871,1.34818,0.0
1727290724927,1.348175,0.0
1727290725574,1.348175,0.0
1727290727430,1.34817,0.0
1727290727928,1.348175,0.0
1727290728568,1.348175,0.0
1727290733977,1.34817,0.0
1727290734338,1.348175,0.0
1727290735403,1.34818,0.0
1727290735474,1.34819,0.0
1727290736409,1.34821,0.0
1727290736526,1.348215,0.0
1727290737934,1.348195,0.0
1727290739440,1.348175,0.0
1727290739612,1.348175,0.0
1727290740220,1.34818,0.0
1727290740353,1.348175,0.0
1727290740845,1.348175,0.0
1727290740532,1.34817,0.0
1727290741236,1.34817,0.0
1727290741380,1.348175,0.0
1727290741717,1.348175,0.0
1727290741904,1.34817,0.0
1727290742728,1.348185,0.0
1727290742916,1.348185,0.0
1727290743056,1.348175,0.0
1727290743319,1.34817,0.0
1727290743897,1.348175,0.0
1727290744076,1.34817,0.0
1727290744995,1.34817,0.0
1727290745603,1.348165,0.0
1727290746043,1.34817,0.0
1727290746780,1.348175,0.0
1727290747134,1.34818,0.0
1727290747351,1.348185,0.0
1727290747523,1.34817,0.0
1727290748338,1.348165,0.0
1727290748701,1.348175,0.0
1727290748853,1.34817,0.0
1727290749507,1.348175,0.0
1727290750001,1.34817,0.0
1727290750268,1.348175,0.0
1727290750468,1.34817,0.0
1727290751007,1.348155,0.0
1727290751113,1.34815,0.0
1727290751668,1.34815,0.0
1727290752034,1.348165,0.0
1727290752765,1.348165,0.0
1727290752981,1.348175,0.0
1727290753267,1.34816,0.0
1727290753329,1.348165,0.0
1727290753933,1.34816,0.0
1727290754146,1.34816,0.0
1727290754383,1.34816,0.0
1727290754747,1.34817,0.0
1727290754995,1.34818,0.0
1727290755144,1.348175,0.0
1727290755490,1.34817,0.0
1727290755635,1.34818,0.0
1727290756207,1.348175,0.0
1727290756673,1.348175,0.0
1727290756961,1.34817,0.0
1727290757172,1.34817,0.0
1727290757410,1.348175,0.0
1727290757618,1.34817,0.0
1727290758247,1.34817,0.0
1727290758515,1.34817,0.0
1727290758807,1.348155,0.0
1727290758700,1.348145,0.0
1727290759423,1.34816,0.0
1727290759955,1.34818,0.0
1727290760290,1.348175,0.0
1727290760474,1.34818,0.0
1727290760626,1.348175,0.0
1727290761031,1.34817,0.0
1727290761796,1.348175,0.0
1727290762015,1.348175,0.0
1727290762279,1.34817,0.0
1727290762517,1.34818,0.0
1727290762639,1.34817,0.0
1727290762974,1.34817,0.0
1727290763699,1.348175,0.0
1727290763830,1.34817,0.0
1727290764143,1.34818,0.0
1727290764537,1.34818,0.0
1727290764791,1.34818,0.0
1727290764868,1.348175,0.0
1727290765206,1.34818,0.0
1727290766052,1.34817,0.0
1727290766289,1.34818,0.0
1727290766797,1.34818,0.0
1727290767065,1.34817,0.0
1727290767196,1.348165,0.0
1727290767452,1.348165,0.0
1727290767749,1.34817,0.0
1727290768013,1.348165,0.0
1727290768547,1.348175,0.0
1727290768884,1.34817,0.0
1727290769254,1.348165,0.0
1727290769450,1.348175,0.0
1727290770776,1.34817,0.0
1727290770931,1.348165,0.0
1727290771408,1.34817,0.0
1727290772891,1.348075,0.0
1727290834001,1.348175,0.0
1727290834367,1.34818,0.0
1727290835046,1.34817,0.0
1727290835451,1.34818,0.0
1727290837449,1.348175,0.0
1727290837911,1.34818,0.0
1727290838479,1.348175,0.0
1727290838634,1.34817,0.0
1727290838809,1.34818,0.0
1727290840859,1.348175,0.0
1727290841201,1.34818,0.0
1727290841462,1.348175,0.0
1727290842716,1.34818,0.0
1727290842899,1.348175,0.0
1727290843229,1.34817,0.0
1727290843382,1.348175,0.0
1727290844052,1.34818,0.0
1727290845002,1.34818,0.0
1727290847504,1.34818,0.0
1727290847989,1.34817,0.0
1727290849007,1.34817,0.0
1727290849543,1.348165,0.0
1727290849835,1.34817,0.0
1727290850255,1.348175,0.0
1727290850393,1.34817,0.0
1727290850698,1.348175,0.0
1727290850874,1.34817,0.0
1727290851688,1.34817,0.0
1727290851235,1.348165,0.0
1727290851906,1.348165,0.0
1727290853431,1.348135,0.0
1727290852504,1.348105,0.0
1727290853944,1.34813,0.0
1727290852718,1.3481,0.0
1727290853019,1.348105,0.0
1727290853069,1.34813,0.0
1727290859051,1.3481,0.0
1727290864067,1.34808,0.0
1727290864406,1.34807,0.0
1727290866179,1.34807,0.0
1727290867185,1.34807,0.0
1727290867580,1.348065,0.0
1727290866813,1.34808,0.0
1727290867926,1.34807,0.0
1727290869956,1.34808,0.0
1727290870359,1.34807,0.0
1727290870694,1.34808,0.0
1727290871261,1.348075,0.0
1727290871658,1.34808,0.0
1727290871962,1.348075,0.0
1727290872913,1.34808,0.0
1727290873245,1.348075,0.0
1727290874761,1.34808,0.0
1727290875254,1.348075,0.0
1727290877075,1.34808,0.0
1727290878281,1.348075,0.0
1727290879629,1.34808,0.0
1727290880042,1.348075,0.0
1727290880350,1.34807,0.0
1727290880605,1.34808,0.0
1727290881285,1.34807,0.0
1727290881605,1.34808,0.0
1727290883778,1.34808,0.0
1727290883899,1.348075,0.0
1727290884803,1.34808,0.0
1727290885148,1.348075,0.0
1727290886141,1.34808,0.0
1727290886457,1.348075,0.0
1727290886888,1.34808,0.0
1727290887228,1.348075,0.0
1727290888976,1.34812,0.0
1727291139836,1.34807,0.0
1727291139945,1.348065,0.0
1727291140977,1.348065,0.0
1727291141350,1.348065,0.0
1727291140775,1.34806,0.0
1727291141465,1.34807,0.0
1727291141844,1.34806,0.0
1727291142018,1.34806,0.0
1727291142770,1.34806,0.0
1727291144794,1.348055,0.0
1727291145081,1.34806,0.0
1727291145259,1.348065,0.0
1727291145593,1.34807,0.0
1727291145914,1.348065,0.0
1727291146261,1.34806,0.0
1727291146743,1.348075,0.0
1727291147100,1.34807,0.0
1727291147325,1.348065,0.0
1727291147514,1.34807,0.0
1727291147827,1.348065,0.0
1727291148167,1.34807,0.0
1727291149899,1.348065,0.0
1727291150247,1.34807,0.0
1727291150614,1.348065,0.0
1727291150919,1.34807,0.0
1727291151399,1.34806,0.0
1727291151645,1.348065,0.0
1727291151959,1.34807,0.0
1727291152305,1.348065,0.0
1727291152409,1.34806,0.0
1727291152868,1.348065,0.0
1727291153135,1.348065,0.0
1727291153362,1.34807,0.0
1727291154359,1.348065,0.0
1727291155803,1.34807,0.0
1727291156127,1.34806,0.0
1727291156667,1.348055,0.0
1727291157958,1.348045,0.0
1727291158201,1.348035,0.0
1727291160080,1.348055,0.0
1727291161172,1.34806,0.0
1727291162055,1.34807,0.0
1727291161768,1.34807,0.0
1727291161547,1.348055,0.0
1727291163055,1.34806,0.0
1727291162651,1.348065,0.0
1727291163884,1.348075,0.0
1727291164092,1.34807,0.0
1727291164384,1.34807,0.0
1727291164637,1.348065,0.0
1727291165496,1.34807,0.0
1727291165867,1.348065,0.0
1727291166719,1.34807,0.0
1727291168486,1.348075,0.0
1727291168839,1.34807,0.0
1727291169292,1.348075,0.0
1727291169594,1.34807,0.0
1727291170256,1.34807,0.0
1727291169974,1.348075,0.0
1727291171934,1.34807,0.0
1727291172558,1.348075,0.0
1727291172711,1.34807,0.0
1727291174547,1.348085,0.0
1727291178082,1.34807,0.0
1727291178963,1.34807,0.0
1727291178619,1.348065,0.0
1727291179999,1.348065,0.0
1727291180335,1.34807,0.0
1727291180653,1.348065,0.0
1727291181182,1.348065,0.0
1727291182162,1.34807,0.0
1727291182381,1.348065,0.0
1727291182550,1.348065,0.0
1727291183366,1.34807,0.0
1727291183718,1.34807,0.0
1727291186524,1.348045,0.0
1727291189915,1.34806,0.0
1727291190137,1.348055,0.0
1727291192542,1.34806,0.0
1727291192896,1.348055,0.0
1727291193534,1.34806,0.0
1727291193687,1.348055,0.0
1727291261469,1.34799,0.0
1727291266186,1.34799,0.0
1727291266928,1.34799,0.0
1727291280115,1.34799,0.0
1727291280544,1.34799,0.0
1727291281051,1.34799,0.0
1727291282914,1.34799,0.0
1727291283938,1.347985,0.0
1727291285610,1.347975,0.0
1727291285406,1.34797,0.0
1727291286053,1.34797,0.0
1727291286411,1.347965,0.0
1727291291017,1.34794,0.0
1727291291372,1.347945,0.0
1727291292442,1.347945,0.0
1727291295561,1.34797,0.0
1727291296024,1.34789,0.0
1727291295826,1.347945,0.0
1727291296288,1.347845,0.0
1727291297010,1.34786,0.0
1727291296411,1.347835,0.0
1727291297307,1.34785,0.0
1727291297505,1.34785,0.0
1727291298192,1.34785,0.0
1727291297694,1.34785,0.0
1727291298382,1.347855,0.0
1727291297922,1.347855,0.0
1727291298750,1.347845,0.0
1727291299115,1.34785,0.0
1727291299793,1.347855,0.0
1727291300005,1.34785,0.0
1727291300573,1.34785,0.0
1727291301110,1.347735,0.0
1727291301315,1.34779,0.0
1727291301527,1.34779,0.0
1727291302619,1.34779,0.0
1727291303798,1.34779,0.0
1727291305084,1.347805,0.0
1727291305325,1.347805,0.0
1727291305602,1.3478,0.0
1727291306462,1.34775,0.0
1727291305874,1.347725,0.0
1727291305989,1.34773,0.0
1727291306636,1.347755,0.0
1727291310784,1.347675,0.0
1727291317839,1.347635,0.0
1727291377916,1.34764,0.0
1727291384362,1.34763,0.0
1727291385014,1.347635,0.0
1727291385284,1.34763,0.0
1727291385757,1.347635,0.0
1727291386226,1.34764,0.0
1727291388772,1.347625,0.0
1727291388833,1.34764,0.0
1727291389049,1.347635,0.0
1727291389375,1.34764,0.0
1727291397735,1.347665,0.0
1727291397899,1.347665,0.0
1727291402053,1.34767,0.0
1727291403010,1.347665,0.0
1727291405232,1.34766,0.0
1727291406814,1.347655,0.0
1727291406959,1.347665,0.0
1727291407144,1.34766,0.0
1727291409072,1.347665,0.0
1727291409548,1.347685,0.0
1727291409322,1.34767,0.0
1727291411327,1.34768,0.0
1727291411496,1.347675,0.0
1727291413951,1.347665,0.0
1727291414797,1.34766,0.0
1727291418191,1.347655,0.0
1727291418940,1.347655,0.0
1727291420442,1.347675,0.0
1727291422115,1.347665,0.0
1727291422253,1.34767,0.0
1727291422454,1.347675,0.0
1727291422800,1.34767,0.0
1727291423115,1.347665,0.0
1727291423293,1.34766,0.0
1727291423497,1.347665,0.0
1727291425620,1.347655,0.0
1727291426002,1.347665,0.0
1727291429259,1.347655,0.0
1727291431176,1.347655,0.0
1727291433076,1.347645,0.0
1727291435109,1.34766,0.0
1727291435301,1.34767,0.0
1727291435410,1.347655,0.0
1727291435769,1.347665,0.0
1727291436130,1.34767,0.0
1727291436524,1.347665,0.0
1727291436884,1.34766,0.0
1727291437137,1.347665,0.0
1727291438269,1.347755,0.0
1727291440468,1.34775,0.0
1727291503863,1.34773,0.0
1727291504188,1.347755,0.0
1727291509086,1.34775,0.0
1727291513522,1.347735,0.0
1727291517643,1.347735,0.0
1727291518215,1.347765,0.0
1727291518851,1.34778,0.0
1727291519368,1.34778,0.0
1727291519521,1.347775,0.0
1727291519743,1.34778,0.0
1727291524408,1.34777,0.0
1727291524471,1.347765,0.0
1727291524889,1.34776,0.0
1727291525180,1.347765,0.0
1727291525531,1.34776,0.0
1727291526057,1.347765,0.0
1727291526390,1.34776,0.0
1727291526888,1.34776,0.0
1727291527279,1.347765,0.0
1727291527552,1.34776,0.0
1727291529030,1.347765,0.0
1727291531044,1.34776,0.0
1727291531756,1.347755,0.0
1727291531428,1.347765,0.0
1727291533190,1.347765,0.0
1727291532800,1.347765,0.0
1727291534061,1.34777,0.0
1727291533699,1.347765,0.0
1727291534487,1.347765,0.0
1727291534776,1.347765,0.0
1727291535132,1.34776,0.0
1727291535577,1.347765,0.0
1727291537651,1.347785,0.0
1727291538232,1.34777,0.0
1727291539117,1.347765,0.0
1727291539683,1.347725,0.0
1727291542930,1.347735,0.0
1727291544239,1.34772,0.0
1727291547925,1.347695,0.0
1727291547422,1.3477,0.0
1727291548073,1.34769,0.0
1727291547696,1.347695,0.0
1727291549481,1.34769,0.0
1727291548796,1.347695,0.0
1727291548543,1.34769,0.0
1727291549822,1.347695,0.0
1727291548444,1.347695,0.0
1727291550895,1.347695,0.0
1727291550442,1.3477,0.0
1727291550779,1.347705,0.0
1727291551176,1.347695,0.0
1727291552908,1.34772,0.0
1727291557828,1.34776,0.0
1727291558202,1.34775,0.0
1727291623578,1.347755,0.0
1727291625224,1.34773,0.0
1727291626225,1.347745,0.0
1727291626617,1.34776,0.0
1727291626788,1.34776,0.0
1727291632078,1.347755,0.0
1727291632822,1.34775,0.0
1727291633128,1.347745,0.0
1727291633282,1.34775,0.0
1727291644521,1.347765,0.0
1727291645022,1.34777,0.0
1727291645699,1.347765,0.0
1727291646750,1.34777,0.0
1727291646492,1.34778,0.0
1727291647321,1.347765,0.0
1727291647496,1.347755,0.0
1727291648463,1.347755,0.0
1727291650817,1.347725,0.0
1727291651473,1.347705,0.0
1727291651777,1.347705,0.0
1727291652429,1.347705,0.0
1727291652593,1.347705,0.0
1727291653060,1.347695,0.0
1727291652709,1.34769,0.0
1727291653630,1.347695,0.0
1727291654165,1.347695,0.0
1727291653872,1.34769,0.0
1727291654627,1.34769,0.0
1727291654828,1.34771,0.0
1727291655101,1.347695,0.0
1727291655253,1.34769,0.0
1727291655661,1.3477,0.0
1727291655855,1.347695,0.0
1727291656152,1.34768,0.0
1727291656867,1.3477,0.0
1727291657239,1.34769,0.0
1727291660674,1.347705,0.0
1727291662172,1.347685,0.0
1727291662402,1.347685,0.0
1727291662742,1.347685,0.0
1727291663475,1.347705,0.0
1727291663539,1.3477,0.0
1727291663911,1.34769,0.0
1727291664232,1.3477,0.0
1727291664619,1.34772,0.0
1727291664357,1.34772,0.0
1727291664850,1.347705,0.0
1727291665190,1.3477,0.0
1727291665872,1.347695,0.0
1727291666176,1.347685,0.0
1727291666469,1.34771,0.0
1727291666522,1.347695,0.0
1727291666956,1.3477,0.0
1727291667962,1.34769,0.0
1727291668882,1.34769,0.0
1727291668295,1.3477,0.0
1727291669244,1.3477,0.0
1727291669382,1.3477,0.0
1727291669728,1.34769,0.0
1727291670952,1.34769,0.0
1727291670471,1.347695,0.0
1727291671121,1.34769,0.0
1727291670762,1.34769,0.0
1727291671427,1.34769,0.0
1727291671757,1.34769,0.0
1727291672203,1.34771,0.0
1727291672271,1.347745,0.0
1727291673937,1.347745,0.0
1727291673610,1.34775,0.0
1727291674679,1.34777,0.0
1727291675515,1.347795,0.0
1727291676122,1.34779,0.0
1727291676422,1.347805,0.0
1727291676771,1.347795,0.0
1727291677307,1.347805,0.0
1727291677644,1.347795,0.0
1727291680156,1.347805,0.0
1727291680532,1.347795,0.0
1727291682040,1.347795,0.0
1727291682755,1.347805,0.0
1727291734601,1.34778,0.0
1727291736541,1.34777,0.0
1727291736851,1.347775,0.0
1727291736923,1.347785,0.0
1727291737545,1.34778,0.0
1727291737690,1.347785,0.0
1727291738157,1.347775,0.0
1727291739335,1.347785,0.0
1727291739775,1.347775,0.0
1727291740033,1.34778,0.0
1727291740422,1.347785,0.0
1727291740740,1.34778,0.0
1727291741849,1.347775,0.0
1727291744381,1.34776,0.0
1727291744609,1.347745,0.0
1727291744835,1.347765,0.0
1727291747113,1.347735,0.0
1727291747169,1.34773,0.0
1727291748133,1.347745,0.0
1727291748826,1.34773,0.0
1727291749068,1.347745,0.0
1727291750091,1.34773,0.0
1727291750651,1.34773,0.0
1727291751306,1.347745,0.0
1727291751561,1.34773,0.0
1727291751868,1.347745,0.0
1727291752028,1.34773,0.0
1727291752280,1.347745,0.0
1727291752532,1.34773,0.0
1727291752866,1.34772,0.0
1727291756572,1.34772,0.0
1727291758307,1.34772,0.0
1727291759628,1.34772,0.0
1727291760246,1.347705,0.0
1727291760526,1.347695,0.0
1727291760902,1.3477,0.0
1727291761114,1.347695,0.0
1727291763125,1.347685,0.0
1727291763394,1.347675,0.0
1727291763756,1.34767,0.0
1727291764139,1.347675,0.0
1727291764403,1.34767,0.0
1727291764701,1.347675,0.0
1727291764873,1.34767,0.0
1727291765328,1.347675,0.0
1727291765047,1.34767,0.0
1727291765901,1.34767,0.0
1727291767161,1.34767,0.0
1727291767438,1.34766,0.0
1727291767693,1.34767,0.0
1727291767815,1.347665,0.0
1727291769586,1.34767,0.0
1727291770687,1.34767,0.0
1727291770918,1.34767,0.0
1727291771209,1.347665,0.0
1727291774426,1.34767,0.0
1727291774694,1.347675,0.0
1727291774945,1.347675,0.0
1727291775212,1.34766,0.0
1727291775350,1.347665,0.0
1727291775540,1.34767,0.0
1727291775986,1.347665,0.0
1727291780084,1.34767,0.0
1727291781087,1.347675,0.0
1727291783850,1.34768,0.0
1727291784128,1.3477,0.0
1727291784479,1.34772,0.0
1727291784646,1.347715,0.0
1727291784869,1.347745,0.0
1727291786206,1.34775,0.0
1727291788649,1.34777,0.0
1727291788205,1.34775,0.0
1727291788971,1.34777,0.0
1727291788434,1.347755,0.0
1727291789235,1.347765,0.0
1727291789330,1.34777,0.0
1727291790174,1.347765,0.0
1727291790339,1.34777,0.0
1727291790526,1.347765,0.0
1727291795653,1.347765,0.0
1727291856019,1.34766,0.0
1727291856242,1.34766,0.0
1727291856401,1.347655,0.0
1727291856919,1.34766,0.0
1727291858054,1.347665,0.0
1727291859079,1.34766,0.0
1727291859447,1.347655,0.0
1727291860064,1.34766,0.0
1727291864825,1.347665,0.0
1727291869427,1.347655,0.0
1727291870182,1.34768,0.0
1727291870568,1.34773,0.0
1727291873379,1.34775,0.0
1727291873933,1.34776,0.0
1727291874621,1.347765,0.0
1727291874182,1.34777,0.0
1727291875690,1.34776,0.0
1727291876070,1.347755,0.0
1727291877812,1.34776,0.0
1727291877979,1.347755,0.0
1727291880229,1.347755,0.0
1727291880704,1.347745,0.0
1727291882994,1.34773,0.0
1727291883340,1.347715,0.0
1727291884756,1.347725,0.0
1727291885876,1.34771,0.0
1727291886187,1.34771,0.0
1727291886418,1.34771,0.0
1727291886684,1.347715,0.0
1727291886890,1.34772,0.0
1727291887059,1.34772,0.0
1727291888577,1.347745,0.0
1727291891054,1.34773,0.0
1727291891304,1.347745,0.0
1727291893487,1.347745,0.0
1727291893608,1.347755,0.0
1727291896982,1.34776,0.0
1727291897234,1.34774,0.0
1727291897556,1.347745,0.0
1727291898514,1.34773,0.0
1727291899167,1.347745,0.0
1727291899385,1.34773,0.0
1727291899514,1.347745,0.0
1727291900005,1.347745,0.0
1727291900057,1.34774,0.0
1727291900591,1.347735,0.0
1727291900857,1.34773,0.0
1727291901055,1.347735,0.0
1727291901497,1.34773,0.0
1727291901555,1.347725,0.0
1727291902052,1.34773,0.0
1727291902801,1.347735,0.0
1727291903137,1.34773,0.0
1727291905795,1.34775,0.0
1727291978747,1.34778,0.0
1727291979397,1.34778,0.0
1727291979715,1.34778,0.0
1727291990717,1.347775,0.0
1727291991036,1.347785,0.0
1727291995016,1.34777,0.0
1727291999340,1.347755,0.0
1727291999583,1.34776,0.0
1727292000354,1.34776,0.0
1727292000057,1.347765,0.0
1727292001867,1.34776,0.0
1727292002342,1.347765,0.0
1727292002480,1.34776,0.0
1727292005926,1.347755,0.0
1727292006764,1.34776,0.0
1727292009862,1.34776,0.0
1727292010722,1.347765,0.0
1727292010589,1.34776,0.0
1727292011051,1.34776,0.0
1727292012053,1.34773,0.0
1727292012295,1.34775,0.0
1727292012626,1.347755,0.0
1727292013446,1.34775,0.0
1727292014032,1.347745,0.0
1727292014400,1.34775,0.0
1727292015407,1.347745,0.0
1727292015629,1.34775,0.0
1727292015914,1.347745,0.0
1727292016267,1.34775,0.0
1727292017604,1.347745,0.0
1727292017725,1.34775,0.0
1727292018096,1.347745,0.0
1727292018889,1.34775,0.0
1727292019410,1.347745,0.0
1727292019595,1.347745,0.0
1727292020061,1.34773,0.0
1727292020816,1.34773,0.0
1727292020432,1.347745,0.0
1727292020968,1.347745,0.0
1727292021829,1.34773,0.0
1727292022006,1.347745,0.0
1727292028199,1.34777,0.0
1727292028589,1.347765,0.0
1727292028259,1.347765,0.0
1727292028774,1.34776,0.0
1727292031851,1.347765,0.0
1727292032170,1.34777,0.0
1727292032674,1.347765,0.0
1727292032896,1.347765,0.0
1727292033081,1.34776,0.0
1727292033357,1.347765,0.0
1727292099848,1.34775,0.0
1727292100291,1.34775,0.0
1727292100787,1.34773,0.0
1727292101043,1.34775,0.0
1727292101906,1.34775,0.0
1727292103380,1.34775,0.0
1727292103545,1.34775,0.0
1727292104654,1.34773,0.0
1727292105215,1.347725,0.0
1727292105099,1.347745,0.0
1727292105603,1.34773,0.0
1727292105837,1.347735,0.0
1727292106333,1.34773,0.0
1727292106475,1.34775,0.0
1727292107340,1.34773,0.0
1727292109274,1.34773,0.0
1727292109466,1.347725,0.0
1727292110571,1.34773,0.0
1727292111034,1.347735,0.0
1727292111330,1.347735,0.0
1727292114278,1.34773,0.0
1727292115349,1.347735,0.0
1727292116177,1.34773,0.0
1727292119150,1.34774,0.0
1727292119372,1.347745,0.0
1727292119666,1.347735,0.0
1727292119820,1.34774,0.0
1727292120382,1.347745,0.0
1727292119955,1.347745,0.0
1727292120499,1.347725,0.0
1727292120945,1.34774,0.0
1727292125364,1.34773,0.0
1727292127276,1.347755,0.0
1727292128832,1.347745,0.0
1727292129123,1.34774,0.0
1727292129277,1.34775,0.0
1727292130316,1.34776,0.0
1727292130505,1.347755,0.0
1727292130875,1.34776,0.0
1727292131053,1.347755,0.0
1727292131396,1.34776,0.0
1727292131629,1.347755,0.0
1727292131922,1.347765,0.0
1727292132337,1.34777,0.0
1727292132171,1.34776,0.0
1727292132551,1.34776,0.0
1727292132876,1.347755,0.0
1727292133149,1.347755,0.0
1727292133886,1.34775,0.0
1727292133352,1.34775,0.0
1727292135956,1.34773,0.0
1727292135676,1.347745,0.0
1727292136154,1.347725,0.0
1727292136365,1.34773,0.0
1727292136953,1.347725,0.0
1727292137857,1.34773,0.0
1727292138055,1.347725,0.0
1727292141525,1.34773,0.0
1727292142067,1.347725,0.0
1727292144975,1.347725,0.0
1727292145131,1.34773,0.0
1727292145472,1.347725,0.0
1727292146157,1.3477,0.0
1727292146341,1.3477,0.0
1727292146723,1.3477,0.0
1727292146834,1.3477,0.0
1727292147184,1.3477,0.0
1727292147439,1.347705,0.0
1727292147701,1.3477,0.0
1727292147854,1.3477,0.0
1727292148198,1.347675,0.0
1727292148478,1.34769,0.0
1727292148594,1.347695,0.0
1727292149210,1.347695,0.0
1727292149451,1.3477,0.0
1727292149724,1.347695,0.0
1727292149881,1.347695,0.0
1727292150162,1.347685,0.0
1727292150324,1.347695,0.0
1727292150732,1.34769,0.0
1727292151146,1.347695,0.0
1727292151413,1.347695,0.0
1727292151592,1.34769,0.0
1727292151841,1.347695,0.0
1727292152483,1.34769,0.0
1727292152702,1.3477,0.0
1727292152863,1.3477,0.0
1727292153365,1.347695,0.0
1727292153551,1.34769,0.0
1727292154133,1.347685,0.0
1727292221864,1.34775,0.0
1727292222088,1.34775,0.0
1727292222206,1.347745,0.0
1727292227606,1.34775,0.0
1727292227797,1.347735,0.0
1727292228105,1.347735,0.0
1727292228344,1.347745,0.0
1727292229122,1.34775,0.0
1727292231026,1.347745,0.0
1727292234995,1.347745,0.0
1727292234921,1.34774,0.0
1727292237872,1.34774,0.0
1727292238870,1.347745,0.0
1727292239283,1.34776,0.0
1727292239900,1.347755,0.0
1727292240166,1.34775,0.0
1727292240677,1.347745,0.0
1727292241605,1.347825,0.0
1727292242133,1.34782,0.0
1727292241379,1.34775,0.0
1727292242835,1.347825,0.0
1727292243891,1.34783,0.0
1727292243560,1.34783,0.0
1727292244083,1.347835,0.0
1727292244865,1.347835,0.0
1727292244350,1.347825,0.0
1727292244531,1.34783,0.0
1727292245779,1.34783,0.0
1727292246213,1.34783,0.0
1727292246626,1.347825,0.0
1727292247066,1.347835,0.0
1727292248337,1.34783,0.0
1727292249111,1.34783,0.0
1727292249417,1.347825,0.0
1727292249605,1.34783,0.0
1727292250621,1.347835,0.0
1727292255933,1.34782,0.0
1727292256767,1.347825,0.0
1727292256908,1.34782,0.0
1727292257162,1.34783,0.0
1727292257655,1.347835,0.0
1727292258842,1.34784,0.0
1727292259059,1.347835,0.0
1727292259569,1.347815,0.0
1727292259807,1.347805,0.0
1727292260035,1.34781,0.0
1727292260347,1.34781,0.0
1727292260543,1.347805,0.0
1727292261609,1.347825,0.0
1727292261024,1.34782,0.0
1727292261127,1.3478,0.0
1727292261770,1.34782,0.0
1727292263015,1.347835,0.0
1727292265058,1.34781,0.0
1727292265182,1.34783,0.0
1727292267086,1.347835,0.0
1727292267249,1.347825,0.0
1727292267499,1.347815,0.0
1727292268617,1.34783,0.0
1727292268984,1.347835,0.0
1727292269768,1.347845,0.0
1727292272985,1.34786,0.0
1727292273374,1.347855,0.0
1727292348299,1.347815,0.0
1727292350798,1.34782,0.0
1727292351103,1.34782,0.0
1727292351300,1.347815,0.0
1727292351745,1.34782,0.0
1727292355481,1.347815,0.0
1727292359091,1.34782,0.0
1727292360217,1.347825,0.0
1727292360445,1.34782,0.0
1727292361109,1.34783,0.0
1727292362118,1.347825,0.0
1727292362593,1.34784,0.0
1727292364230,1.347755,0.0
1727292363863,1.347755,0.0
1727292364682,1.347765,0.0
1727292363471,1.347745,0.0
1727292364888,1.34777,0.0
1727292365233,1.347765,0.0
1727292365305,1.34777,0.0
1727292366013,1.347765,0.0
1727292366180,1.34776,0.0
1727292366353,1.347765,0.0
1727292366712,1.34777,0.0
1727292370201,1.347765,0.0
1727292372438,1.34777,0.0
1727292373025,1.34778,0.0
1727292373096,1.34777,0.0
1727292379329,1.347775,0.0
1727292379779,1.34778,0.0
1727292379477,1.347775,0.0
1727292380017,1.34778,0.0
1727292380564,1.347775,0.0
1727292380683,1.34778,0.0
1727292384722,1.34776,0.0
1727292386901,1.347765,0.0
1727292387069,1.34776,0.0
1727292387377,1.34776,0.0
1727292388165,1.34776,0.0
1727292388326,1.347765,0.0
1727292388511,1.34776,0.0
1727292391425,1.347755,0.0
1727292392458,1.34776,0.0
1727292392786,1.347755,0.0
1727292393014,1.34776,0.0
1727292393306,1.347755,0.0
1727292393609,1.34776,0.0
1727292393854,1.347755,0.0
1727292394835,1.34776,0.0
1727292395120,1.34777,0.0
1727292395717,1.347765,0.0
1727292396057,1.34777,0.0
1727292397449,1.347775,0.0
1727292462757,1.347735,0.0
1727292463048,1.34775,0.0
1727292465196,1.347745,0.0
1727292465753,1.34775,0.0
1727292465974,1.347745,0.0
1727292466758,1.347765,0.0
1727292466875,1.34777,0.0
1727292467612,1.34777,0.0
1727292467297,1.34776,0.0
1727292467438,1.347765,0.0
1727292468033,1.347765,0.0
1727292468105,1.347765,0.0
1727292468447,1.34777,0.0
1727292469008,1.34777,0.0
1727292469318,1.34777,0.0
1727292472262,1.34776,0.0
1727292473321,1.34777,0.0
1727292473382,1.347765,0.0
1727292475828,1.347765,0.0
1727292476583,1.34777,0.0
1727292477117,1.347765,0.0
1727292478383,1.34777,0.0
1727292480423,1.347775,0.0
1727292480930,1.34777,0.0
1727292485405,1.347765,0.0
1727292487347,1.34777,0.0
1727292487821,1.347785,0.0
1727292488062,1.347775,0.0
1727292488122,1.347765,0.0
1727292489360,1.347775,0.0
1727292489592,1.34778,0.0
1727292490066,1.34778,0.0
1727292490493,1.34778,0.0
1727292491971,1.347775,0.0
1727292492451,1.34777,0.0
1727292492813,1.347775,0.0
1727292493339,1.34777,0.0
1727292493690,1.347765,0.0
1727292495578,1.347765,0.0
1727292497275,1.347735,0.0
1727292497518,1.347755,0.0
1727292498130,1.34775,0.0
1727292502399,1.347765,0.0
1727292502865,1.34776,0.0
1727292502570,1.347755,0.0
1727292504528,1.347765,0.0
1727292505052,1.347765,0.0
1727292509305,1.34776,0.0
1727292509970,1.34776,0.0
1727292509758,1.347765,0.0
1727292510238,1.347755,0.0
1727292510967,1.34776,0.0
1727292516511,1.34777,0.0
1727292516761,1.34775,0.0
1727292517444,1.34775,0.0
1727292518176,1.34773,0.0
1727292518525,1.347745,0.0
1727292519208,1.34773,0.0
1727292519572,1.34775,0.0
1727292519808,1.34775,0.0
1727292521824,1.34775,0.0
1727292522555,1.347755,0.0
1727292583759,1.34781,0.0
1727292584608,1.34781,0.0
1727292586478,1.34781,0.0
1727292586377,1.347815,0.0
1727292586717,1.347805,0.0
1727292587051,1.3478,0.0
1727292587362,1.3478,0.0
1727292587639,1.347805,0.0
1727292587877,1.34781,0.0
1727292588312,1.3478,0.0
1727292588442,1.347815,0.0
1727292588749,1.347805,0.0
1727292589350,1.347795,0.0
1727292589637,1.34779,0.0
1727292590125,1.34779,0.0
1727292589835,1.347795,0.0
1727292590256,1.34777,0.0
1727292590527,1.347765,0.0
1727292591371,1.347775,0.0
1727292591571,1.347755,0.0
1727292592884,1.34777,0.0
1727292592952,1.34775,0.0
1727292593999,1.34777,0.0
1727292594382,1.347755,0.0
1727292594661,1.34776,0.0
1727292594885,1.347755,0.0
1727292595017,1.34776,0.0
1727292595415,1.347755,0.0
1727292597405,1.347765,0.0
1727292597637,1.34779,0.0
1727292597693,1.34778,0.0
1727292597969,1.347775,0.0
1727292599217,1.347795,0.0
1727292598462,1.34778,0.0
1727292598858,1.347795,0.0
1727292599100,1.3478,0.0
1727292599598,1.34779,0.0
1727292599823,1.34779,0.0
1727292600086,1.3478,0.0
1727292600322,1.3478,0.0
1727292601391,1.347805,0.0
1727292601722,1.347805,0.0
1727292601628,1.3478,0.0
1727292601010,1.347805,0.0
1727292602132,1.34781,0.0
1727292602328,1.347815,0.0
1727292603053,1.347815,0.0
1727292607122,1.3478,0.0
1727292607212,1.347805,0.0
1727292602568,1.34782,0.0
1727292607468,1.34781,0.0
1727292607742,1.347815,0.0
1727292608055,1.34781,0.0
1727292608406,1.347815,0.0
1727292603178,1.34782,0.0
1727292609875,1.34782,0.0
1727292611680,1.3478,0.0
1727292611770,1.347805,0.0
1727292608974,1.347815,0.0
1727292610235,1.3478,0.0
1727292613023,1.347775,0.0
1727292610679,1.34782,0.0
1727292612371,1.347765,0.0
1727292612476,1.34777,0.0
1727292604304,1.34782,0.0
1727292614736,1.347755,0.0
1727292616045,1.34776,0.0
1727292617079,1.34775,0.0
1727292616395,1.347745,0.0
1727292617442,1.34773,0.0
1727292616751,1.347755,0.0
1727292617747,1.34775,0.0
1727292619515,1.34775,0.0
1727292618660,1.34775,0.0
1727292620661,1.34774,0.0
1727292620751,1.347745,0.0
1727292619292,1.347745,0.0
1727292621353,1.347745,0.0
1727292621638,1.34773,0.0
1727292621998,1.347735,0.0
1727292623155,1.34773,0.0
1727292623388,1.347725,0.0
1727292623597,1.34773,0.0
1727292624251,1.347725,0.0
1727292625516,1.34773,0.0
1727292625939,1.347725,0.0
1727292626128,1.34773,0.0
1727292628762,1.347725,0.0
1727292629540,1.347715,0.0
1727292629177,1.347735,0.0
1727292629458,1.347735,0.0
1727292629906,1.34773,0.0
1727292630055,1.347735,0.0
1727292631127,1.34773,0.0
1727292631465,1.34774,0.0
1727292632516,1.34773,0.0
1727292632882,1.347755,0.0
1727292633613,1.347765,0.0
1727292635402,1.34777,0.0
1727292635578,1.347765,0.0
1727292635804,1.34776,0.0
1727292636514,1.347765,0.0
1727292637691,1.34776,0.0
1727292638585,1.347755,0.0
1727292638256,1.34776,0.0
1727292638935,1.34776,0.0
1727292640156,1.347785,0.0
1727292641448,1.347805,0.0
1727292708697,1.347765,0.0
1727292712134,1.34777,0.0
1727292712574,1.347765,0.0
1727292713210,1.34776,0.0
1727292713581,1.34777,0.0
1727292714181,1.347765,0.0
1727292715136,1.34776,0.0
1727292715486,1.347765,0.0
1727292715719,1.34777,0.0
1727292716420,1.347765,0.0
1727292719651,1.34777,0.0
1727292720182,1.347765,0.0
1727292723113,1.34776,0.0
1727292723616,1.347765,0.0
1727292725159,1.347765,0.0
1727292724665,1.34776,0.0
1727292727225,1.347755,0.0
1727292727844,1.34776,0.0
1727292728231,1.347755,0.0
1727292730095,1.34773,0.0
1727292816842,1.347825,0.0
1727292817786,1.347815,0.0
1727292819292,1.34783,0.0
1727292820356,1.347815,0.0
1727292820939,1.347825,0.0
1727292821279,1.34782,0.0
1727292824415,1.347825,0.0
1727292826407,1.347825,0.0
1727292826954,1.34783,0.0
1727292827284,1.347825,0.0
1727292828042,1.34783,0.0
1727292828394,1.347825,0.0
1727292829062,1.34783,0.0
1727292829391,1.347825,0.0
1727292830099,1.34783,0.0
1727292830452,1.347825,0.0
1727292831136,1.34783,0.0
1727292831479,1.347825,0.0
1727292832184,1.34783,0.0
1727292832483,1.347825,0.0
1727292834059,1.34783,0.0
1727292835826,1.347825,0.0
1727292836136,1.34783,0.0
1727292836708,1.347835,0.0
1727292836836,1.347835,0.0
1727292837164,1.34784,0.0
1727292840146,1.34784,0.0
1727292840343,1.347845,0.0
1727292841480,1.347835,0.0
1727292844688,1.34786,0.0
1727292844907,1.347855,0.0
1727292845727,1.34786,0.0
1727292846519,1.347855,0.0
1727292850001,1.347835,0.0
1727292850096,1.34784,0.0
1727292851453,1.34784,0.0
1727292851981,1.347835,0.0
1727292852159,1.34783,0.0
1727292852846,1.347825,0.0
1727292860075,1.347845,0.0
1727292861097,1.347845,0.0
1727292860831,1.34786,0.0
1727292861803,1.34784,0.0
1727292862019,1.347835,0.0
1727292863190,1.347855,0.0
1727292863068,1.34784,0.0
1727292936105,1.34793,0.0
1727292935535,1.34793,0.0
1727292936494,1.347925,0.0
1727292935732,1.347935,0.0
1727292936991,1.34793,0.0
1727292937317,1.347925,0.0
1727292937813,1.347935,0.0
1727292937999,1.34793,0.0
1727292938314,1.347925,0.0
1727292938890,1.34793,0.0
1727292939472,1.34793,0.0
1727292940066,1.347935,0.0
1727292941049,1.34787,0.0
1727292941479,1.34786,0.0
1727292946995,1.347885,0.0
1727292947208,1.347915,0.0
1727292947441,1.347915,0.0
1727292949395,1.34793,0.0
1727292950959,1.347905,0.0
1727292951332,1.3479,0.0
1727292951689,1.347875,0.0
1727292951920,1.347895,0.0
1727292952126,1.34789,0.0
1727292952467,1.34789,0.0
1727292953285,1.34789,0.0
1727292954469,1.347885,0.0
1727292954636,1.34789,0.0
1727292955966,1.34789,0.0
1727292955760,1.347885,0.0
1727292958487,1.347895,0.0
1727292958672,1.34789,0.0
1727292959072,1.347895,0.0
1727292959408,1.34789,0.0
1727292960300,1.34789,0.0
1727292961045,1.3479,0.0
1727292961147,1.34791,0.0
1727292961391,1.347895,0.0
1727292961829,1.34789,0.0
1727292964192,1.34792,0.0
1727292964425,1.3479,0.0
1727292965052,1.347915,0.0
1727292971623,1.3479,0.0
1727292972194,1.34789,0.0
1727292972692,1.347885,0.0
1727292973057,1.34788,0.0
1727292975259,1.347885,0.0
1727292975432,1.34789,0.0
1727292975804,1.347885,0.0
1727292975884,1.34789,0.0
1727292977449,1.34789,0.0
1727292978055,1.347885,0.0
1727292979970,1.34789,0.0
1727292980720,1.34788,0.0
1727292982331,1.347865,0.0
1727292982515,1.34786,0.0
1727292982662,1.34787,0.0
1727292983068,1.347865,0.0
1727292984572,1.347905,0.0
1727292984628,1.3479,0.0
1727292985092,1.3479,0.0
1727292985534,1.3479,0.0
1727292985787,1.347895,0.0
1727292986044,1.3479,0.0
1727292986301,1.347895,0.0
1727292986990,1.3479,0.0
1727292986523,1.3479,0.0
1727292986849,1.347895,0.0
1727293055431,1.34784,0.0
1727293055287,1.347835,0.0
1727293055942,1.347835,0.0
1727293056302,1.34784,0.0
1727293057971,1.347865,0.0
1727293058212,1.34786,0.0
1727293058458,1.347865,0.0
1727293058666,1.347865,0.0
1727293058952,1.34786,0.0
1727293059192,1.347865,0.0
1727293059382,1.34786,0.0
1727293060306,1.347885,0.0
1727293060601,1.3479,0.0
1727293061061,1.347895,0.0
1727293061206,1.347895,0.0
1727293061393,1.347895,0.0
1727293061810,1.347895,0.0
1727293062000,1.347895,0.0
1727293062174,1.34789,0.0
1727293062793,1.347895,0.0
1727293062947,1.34789,0.0
1727293063208,1.347895,0.0
1727293063630,1.34789,0.0
1727293065809,1.347895,0.0
1727293066061,1.347895,0.0
1727293066560,1.3479,0.0
1727293067323,1.3479,0.0
1727293068485,1.3479,0.0
1727293068089,1.347895,0.0
1727293069134,1.347895,0.0
1727293069587,1.34792,0.0
1727293069642,1.34792,0.0
1727293075495,1.34792,0.0
1727293077578,1.347935,0.0
1727293078331,1.34793,0.0
1727293079050,1.348015,0.0
1727293078777,1.347995,0.0
1727293083853,1.34803,0.0
1727293083975,1.348025,0.0
1727293087125,1.34803,0.0
1727293087453,1.348025,0.0
1727293088468,1.34803,0.0
1727293088708,1.348035,0.0
1727293089084,1.348085,0.0
1727293089273,1.34811,0.0
1727293090160,1.348115,0.0
1727293090700,1.34811,0.0
1727293094112,1.34811,0.0
1727293094310,1.348115,0.0
1727293095056,1.34811,0.0
1727293095204,1.348115,0.0
1727293095748,1.34811,0.0
1727293095962,1.348115,0.0
1727293097319,1.34811,0.0
1727293097604,1.34811,0.0
1727293097772,1.348115,0.0
1727293098001,1.34811,0.0
1727293099320,1.348115,0.0
1727293100053,1.34811,0.0
1727293105801,1.348115,0.0
1727293105951,1.3481,0.0
1727293106276,1.348115,0.0
1727293177590,1.34815,0.0
1727293177926,1.34815,0.0
1727293183563,1.348165,0.0
1727293185643,1.348165,0.0
1727293187398,1.34814,0.0
1727293187697,1.348135,0.0
1727293187750,1.34813,0.0
1727293192965,1.3481,0.0
1727293195419,1.348085,0.0
1727293197738,1.34807,0.0
1727293198099,1.34808,0.0
1727293198402,1.348075,0.0
1727293200271,1.34807,0.0
1727293200683,1.348075,0.0
1727293201020,1.34807,0.0
1727293201719,1.348075,0.0
1727293203827,1.348055,0.0
1727293210744,1.348055,0.0
1727293211072,1.34805,0.0
1727293232923,1.34805,0.0
1727293233683,1.34806,0.0
1727293291239,1.34813,0.0
1727293300644,1.348135,0.0
1727293302697,1.34813,0.0
1727293302300,1.34813,0.0
1727293303162,1.348135,0.0
1727293302482,1.348135,0.0
1727293304105,1.34813,0.0
1727293305138,1.34813,0.0
1727293305490,1.348135,0.0
1727293305742,1.34813,0.0
1727293306428,1.348125,0.0
1727293307373,1.34813,0.0
1727293307054,1.348135,0.0
1727293307920,1.34813,0.0
1727293307522,1.348135,0.0
1727293308567,1.348135,0.0
1727293306781,1.34813,0.0
1727293309068,1.34813,0.0
1727293309892,1.348135,0.0
1727293311307,1.348135,0.0
1727293311094,1.34813,0.0
1727293311709,1.34813,0.0
1727293312000,1.348135,0.0
1727293312295,1.34813,0.0
1727293312624,1.348135,0.0
1727293313058,1.34813,0.0
1727293313414,1.348135,0.0
1727293314053,1.34813,0.0
1727293315392,1.34813,0.0
1727293315204,1.348135,0.0
1727293315632,1.348135,0.0
1727293315865,1.34813,0.0
1727293316057,1.348135,0.0
1727293316457,1.34813,0.0
1727293316689,1.348135,0.0
1727293316944,1.34813,0.0
1727293317311,1.348135,0.0
1727293317697,1.348135,0.0
1727293318000,1.34813,0.0
1727293318419,1.348135,0.0
1727293318828,1.34813,0.0
1727293319064,1.348135,0.0
1727293319601,1.348135,0.0
1727293319356,1.34813,0.0
1727293320060,1.34813,0.0
1727293320507,1.348135,0.0
1727293320863,1.34813,0.0
1727293321195,1.34813,0.0
1727293321341,1.348135,0.0
1727293321549,1.34813,0.0
1727293321802,1.348135,0.0
1727293322148,1.348145,0.0
1727293322586,1.34814,0.0
1727293322758,1.348145,0.0
1727293323877,1.348135,0.0
1727293323183,1.34815,0.0
1727293324436,1.348145,0.0
1727293323525,1.34814,0.0
1727293323394,1.348135,0.0
1727293324591,1.34814,0.0
1727293325231,1.34814,0.0
1727293324060,1.34814,0.0
1727293324922,1.34814,0.0
1727293325575,1.34813,0.0
1727293325079,1.348135,0.0
1727293325733,1.348125,0.0
1727293326597,1.34813,0.0
1727293329895,1.348135,0.0
1727293331855,1.348225,0.0
1727293332051,1.34822,0.0
1727293330950,1.348215,0.0
1727293338369,1.348265,0.0
1727293339506,1.34825,0.0
1727293339847,1.34824,0.0
1727293337229,1.348245,0.0
1727293340018,1.348255,0.0
1727293341082,1.34825,0.0
1727293341305,1.348255,0.0
1727293341620,1.34825,0.0
1727293341752,1.34825,0.0
1727293342228,1.348245,0.0
1727293342476,1.34824,0.0
1727293342823,1.348245,0.0
1727293344704,1.34824,0.0
1727293345033,1.348235,0.0
1727293343477,1.34825,0.0
1727293344513,1.348245,0.0
1727293347936,1.348215,0.0
1727293348275,1.34822,0.0
1727293354954,1.34821,0.0
1727293415434,1.34821,0.0
1727293416587,1.34821,0.0
1727293417696,1.348215,0.0
1727293422373,1.34823,0.0
1727293426104,1.348235,0.0
1727293426931,1.348235,0.0
1727293428971,1.348235,0.0
1727293428273,1.348245,0.0
1727293429292,1.34823,0.0
1727293430014,1.348235,0.0
1727293430392,1.34821,0.0
1727293431135,1.34821,0.0
1727293431297,1.34822,0.0
1727293431928,1.348225,0.0
1727293432214,1.348225,0.0
1727293433945,1.34821,0.0
1727293434115,1.348205,0.0
1727293436961,1.34821,0.0
1727293437182,1.348205,0.0
1727293437509,1.34821,0.0
1727293437674,1.34821,0.0
1727293437852,1.348205,0.0
1727293438111,1.348215,0.0
1727293438623,1.348215,0.0
1727293438449,1.34821,0.0
1727293438930,1.34821,0.0
1727293439097,1.348205,0.0
1727293439292,1.34821,0.0
1727293440051,1.348215,0.0
1727293440424,1.348215,0.0
1727293440740,1.348205,0.0
1727293440943,1.3482,0.0
1727293441046,1.34821,0.0
1727293441478,1.348215,0.0
1727293441552,1.34821,0.0
1727293442211,1.34821,0.0
1727293442685,1.348205,0.0
1727293443799,1.34821,0.0
1727293444406,1.34823,0.0
1727293447266,1.34823,0.0
1727293448078,1.348225,0.0
1727293448389,1.348225,0.0
1727293449610,1.34822,0.0
1727293450460,1.34823,0.0
1727293450988,1.348225,0.0
1727293451401,1.348225,0.0
1727293451064,1.34823,0.0
1727293453467,1.34823,0.0
1727293454219,1.348235,0.0
1727293455214,1.348225,0.0
1727293455673,1.34823,0.0
1727293455880,1.348225,0.0
1727293456719,1.348225,0.0
1727293459647,1.34823,0.0
1727293467368,1.34821,0.0
1727293467869,1.348215,0.0
1727293469155,1.34821,0.0
1727293469331,1.348215,0.0
1727293469605,1.34821,0.0
1727293470047,1.348215,0.0
1727293470321,1.34821,0.0
1727293470566,1.348215,0.0
1727293535329,1.34822,0.0
1727293535527,1.348215,0.0
1727293536255,1.348215,0.0
1727293538634,1.34821,0.0
1727293537387,1.348205,0.0
1727293539057,1.348215,0.0
1727293540555,1.34821,0.0
1727293540917,1.348215,0.0
1727293541086,1.34821,0.0
1727293541608,1.348205,0.0
1727293541929,1.34821,0.0
1727293542424,1.3482,0.0
1727293542481,1.34821,0.0
1727293542708,1.348205,0.0
1727293543269,1.34821,0.0
1727293543971,1.34821,0.0
1727293543669,1.348205,0.0
1727293544374,1.348205,0.0
1727293544917,1.34821,0.0
1727293545057,1.348205,0.0
1727293545952,1.34821,0.0
1727293546438,1.3482,0.0
1727293546159,1.348195,0.0
1727293546840,1.348195,0.0
1727293548197,1.3482,0.0
1727293548508,1.348195,0.0
1727293550317,1.3482,0.0
1727293551053,1.348195,0.0
1727293551701,1.3482,0.0
1727293551899,1.348195,0.0
1727293552064,1.3482,0.0
1727293552278,1.348205,0.0
1727293554375,1.3482,0.0
1727293554621,1.348195,0.0
1727293555152,1.3482,0.0
1727293554238,1.348195,0.0
1727293555921,1.348195,0.0
1727293556879,1.34821,0.0
1727293557179,1.348205,0.0
1727293557453,1.3482,0.0
1727293557955,1.34821,0.0
1727293559157,1.348195,0.0
1727293559487,1.34821,0.0
1727293559608,1.348205,0.0
1727293559954,1.34821,0.0
1727293561002,1.3482,0.0
1727293561228,1.348205,0.0
1727293561413,1.3482,0.0
1727293561835,1.34821,0.0
1727293562453,1.34821,0.0
1727293562645,1.348205,0.0
1727293563003,1.348205,0.0
1727293562101,1.348205,0.0
1727293563545,1.34821,0.0
1727293563899,1.348205,0.0
1727293564377,1.348205,0.0
1727293567607,1.34821,0.0
1727293567876,1.3482,0.0
1727293568236,1.348205,0.0
1727293569028,1.3482,0.0
1727293569250,1.34821,0.0
1727293569402,1.348205,0.0
1727293571401,1.348205,0.0
1727293571840,1.34821,0.0
1727293572177,1.348205,0.0
1727293573067,1.348205,0.0
1727293572951,1.34821,0.0
1727293575138,1.34821,0.0
1727293575499,1.348215,0.0
1727293575793,1.348205,0.0
1727293576985,1.348205,0.0
1727293576469,1.34821,0.0
1727293576703,1.348205,0.0
1727293578530,1.348165,0.0
1727293578688,1.348165,0.0
1727293584133,1.348175,0.0
1727293583835,1.348185,0.0
1727293584969,1.34817,0.0
1727293585514,1.348175,0.0
1727293589669,1.34818,0.0
1727293588999,1.348195,0.0
1727293589969,1.348175,0.0
1727293590307,1.34818,0.0
1727293589425,1.348175,0.0
1727293590423,1.348195,0.0
1727293592025,1.34818,0.0
1727293656791,1.34814,0.0
1727293660904,1.348145,0.0
1727293666537,1.348155,0.0
1727293667913,1.348145,0.0
1727293668057,1.34814,0.0
1727293668620,1.348135,0.0
1727293669111,1.34814,0.0
1727293670321,1.348135,0.0
1727293671009,1.348135,0.0
1727293671235,1.34813,0.0
1727293674891,1.348145,0.0
1727293675165,1.34817,0.0
1727293676118,1.348165,0.0
1727293678050,1.348155,0.0
1727293674769,1.348135,0.0
1727293678553,1.34816,0.0
1727293680291,1.348165,0.0
1727293680507,1.34814,0.0
1727293680818,1.348145,0.0
1727293681540,1.34814,0.0
1727293682060,1.348135,0.0
1727293682335,1.34812,0.0
1727293689359,1.348115,0.0
1727293692259,1.348045,0.0
1727293692610,1.348045,0.0
1727293697266,1.348045,0.0
1727293698715,1.348035,0.0
1727293700854,1.348025,0.0
1727293701415,1.34803,0.0
1727293701277,1.348035,0.0
1727293701760,1.348035,0.0
1727293704389,1.34803,0.0
1727293705137,1.348035,0.0
1727293706016,1.348035,0.0
1727293707491,1.34803,0.0
1727293707886,1.348035,0.0
1727293708394,1.348035,0.0
1727293710114,1.34802,0.0
1727293710911,1.34803,0.0
1727293711358,1.348025,0.0
1727293711559,1.34803,0.0
1727293711674,1.34802,0.0
1727293780102,1.347995,0.0
1727293793612,1.347995,0.0
1727293794181,1.34799,0.0
1727293794796,1.348005,0.0
1727293794850,1.348,0.0
1727293795438,1.347995,0.0
1727293797366,1.348,0.0
1727293797732,1.347995,0.0
1727293798044,1.348,0.0
1727293803117,1.347915,0.0
1727293802280,1.347945,0.0
1727293802552,1.347925,0.0
1727293807631,1.347915,0.0
1727293802687,1.34793,0.0
1727293806695,1.347935,0.0
1727293805126,1.347935,0.0
1727293805508,1.34794,0.0
1727293810624,1.3479,0.0
1727293800234,1.347955,0.0
1727293811552,1.347905,0.0
1727293810316,1.3479,0.0
1727293812164,1.34791,0.0
1727293811748,1.347905,0.0
1727293812445,1.347905,0.0
1727293810375,1.347905,0.0
1727293815104,1.34791,0.0
1727293815849,1.347905,0.0
1727293815949,1.34791,0.0
1727293817045,1.347905,0.0
1727293819339,1.34791,0.0
1727293819482,1.347905,0.0
1727293821243,1.34791,0.0
1727293822895,1.347925,0.0
1727293824842,1.34791,0.0
1727293824918,1.347905,0.0
1727293832259,1.347915,0.0
1727293834849,1.3479,0.0
1727293836441,1.347955,0.0
1727293835462,1.347915,0.0
1727293836495,1.347955,0.0
1727293837672,1.347955,0.0
1727293838584,1.34796,0.0
1727293838760,1.347955,0.0
1727293843846,1.347975,0.0
1727293844072,1.34796,0.0
1727293844235,1.347955,0.0
1727293846154,1.34796,0.0
1727293846396,1.34796,0.0
1727293847081,1.347955,0.0
1727293917137,1.34798,0.0
1727293916826,1.347975,0.0
1727293916762,1.34797,0.0
1727293923231,1.347975,0.0
1727293925427,1.34798,0.0
1727293925994,1.347975,0.0
1727293927775,1.34797,0.0
1727293928104,1.347975,0.0
1727293928437,1.347965,0.0
1727293928284,1.34797,0.0
1727293929765,1.347975,0.0
1727293929656,1.347985,0.0
1727293930442,1.34797,0.0
1727293931141,1.34798,0.0
1727293931284,1.34797,0.0
1727293930001,1.347975,0.0
1727293930301,1.347975,0.0
1727293932905,1.347995,0.0
1727293933013,1.348025,0.0
1727293933511,1.348025,0.0
1727293933849,1.34803,0.0
1727293934088,1.34802,0.0
1727293934924,1.34802,0.0
1727293934591,1.34802,0.0
1727293935183,1.348025,0.0
1727293935518,1.348025,0.0
1727293935852,1.34802,0.0
1727293937147,1.34804,0.0
1727293936759,1.348025,0.0
1727293937328,1.34804,0.0
1727293937574,1.34804,0.0
1727293940694,1.348055,0.0
1727293940135,1.34806,0.0
1727293944877,1.348045,0.0
1727293950018,1.34806,0.0
1727293950789,1.34806,0.0
1727293950554,1.348065,0.0
1727293952054,1.348065,0.0
1727293952250,1.34806,0.0
1727293952746,1.348065,0.0
1727293954348,1.34806,0.0
1727293956341,1.348065,0.0
1727293956501,1.348065,0.0
1727293956742,1.34806,0.0
1727293957064,1.348065,0.0
1727293958334,1.34806,0.0
1727293961019,1.348055,0.0
1727293961309,1.34806,0.0
1727293964196,1.34806,0.0
1727293966465,1.34804,0.0
1727293966228,1.348055,0.0
1727294038475,1.34808,0.0
1727294039091,1.348075,0.0
1727294039428,1.348075,0.0
1727294039714,1.34807,0.0
1727294039772,1.348075,0.0
1727294040103,1.34808,0.0
1727294040510,1.348085,0.0
1727294040590,1.348075,0.0
1727294041052,1.34807,0.0
1727294041943,1.348075,0.0
1727294041651,1.34807,0.0
1727294042139,1.348065,0.0
1727294042424,1.348075,0.0
1727294042692,1.348065,0.0
1727294042881,1.34807,0.0
1727294043031,1.348065,0.0
1727294043665,1.34808,0.0
1727294043986,1.34807,0.0
1727294044268,1.348075,0.0
1727294044723,1.34808,0.0
1727294045678,1.348075,0.0
1727294046057,1.34808,0.0
1727294046421,1.348075,0.0
1727294046895,1.34808,0.0
1727294047272,1.34807,0.0
1727294048020,1.34808,0.0
1727294048246,1.34807,0.0
1727294048453,1.34808,0.0
1727294048718,1.348075,0.0
1727294054208,1.34807,0.0
1727294054816,1.34807,0.0
1727294055052,1.348065,0.0
1727294055258,1.34807,0.0
1727294056053,1.348065,0.0
1727294056845,1.348065,0.0
1727294057085,1.348065,0.0
1727294059051,1.34807,0.0
1727294059867,1.34807,0.0
1727294060120,1.348065,0.0
1727294060233,1.34806,0.0
1727294062763,1.34806,0.0
1727294062583,1.348055,0.0
1727294062961,1.348065,0.0
1727294061885,1.348065,0.0
1727294063420,1.34806,0.0
1727294063616,1.348065,0.0
1727294061964,1.34807,0.0
1727294063869,1.34806,0.0
1727294064218,1.34806,0.0
1727294064065,1.348065,0.0
1727294064568,1.34806,0.0
1727294065066,1.348065,0.0
1727294065306,1.34807,0.0
1727294066463,1.34807,0.0
1727294067064,1.348065,0.0
1727294066052,1.34808,0.0
1727294067680,1.3481,0.0
1727294067411,1.34809,0.0
1727294068181,1.348105,0.0
1727294069058,1.3481,0.0
1727294069545,1.348085,0.0
1727294069928,1.348115,0.0
1727294070059,1.348105,0.0
1727294070639,1.348105,0.0
1727294071162,1.34812,0.0
1727294070384,1.34811,0.0
1727294070895,1.34809,0.0
1727294072039,1.348125,0.0
1727294072223,1.34812,0.0
1727294072927,1.34812,0.0
1727294072587,1.34812,0.0
1727294073688,1.348125,0.0
1727294075647,1.34813,0.0
1727294074346,1.34813,0.0
1727294075900,1.348155,0.0
1727294074485,1.348125,0.0
1727294077586,1.34816,0.0
1727294079632,1.348145,0.0
1727294080277,1.34813,0.0
1727294080939,1.348125,0.0
1727294087595,1.34814,0.0
1727294085792,1.34815,0.0
1727294081528,1.348125,0.0
1727294081869,1.34813,0.0
1727294083136,1.348135,0.0
1727294124456,1.34817,0.0
1727294151440,1.348235,0.0
1727294145889,1.34823,0.0
1727294124906,1.34816,0.0
1727294151997,1.34823,0.0
1727294135057,1.348205,0.0
1727294146375,1.34824,0.0
1727294146745,1.34823,0.0
1727294152339,1.34823,0.0
1727294147059,1.348235,0.0
1727294162867,1.348235,0.0
1727294156876,1.34823,0.0
1727294147565,1.34823,0.0
1727294147922,1.348235,0.0
1727294157217,1.348235,0.0
1727294160200,1.34823,0.0
1727294160320,1.34825,0.0
1727294164500,1.34826,0.0
1727294161116,1.34823,0.0
1727294164782,1.34822,0.0
1727294155113,1.34823,0.0
1727294165011,1.34825,0.0
1727294166748,1.348235,0.0
1727294165291,1.34824,0.0
1727294165537,1.348235,0.0
1727294167273,1.348235,0.0
1727294165670,1.34824,0.0
1727294180481,1.348275,0.0
1727294168287,1.348245,0.0
1727294168632,1.34824,0.0
1727294187059,1.34826,0.0
1727294169357,1.34823,0.0
1727294169742,1.34824,0.0
1727294196662,1.348255,0.0
1727294170037,1.34823,0.0
1727294195056,1.348245,0.0
1727294191081,1.348255,0.0
1727294171082,1.34824,0.0
1727294192855,1.34827,0.0
1727294209218,1.348265,0.0
1727294209556,1.348255,0.0
1727294200323,1.34826,0.0
1727294313948,1.34835,0.0
1727294316336,1.348375,0.0
1727294324280,1.34849,0.0
1727294324395,1.348485,0.0
1727294326240,1.348475,0.0
1727294324613,1.34849,0.0
1727294325183,1.34848,0.0
1727294326535,1.34847,0.0
1727294329414,1.348455,0.0
1727294329801,1.348455,0.0
1727294327109,1.34846,0.0
1727294329058,1.348455,0.0
1727294330717,1.34845,0.0
1727294327521,1.34845,0.0
1727294330185,1.34846,0.0
1727294332409,1.348485,0.0
1727294330875,1.34846,0.0
1727294332691,1.348465,0.0
1727294331305,1.348475,0.0
1727294331355,1.348465,0.0
1727294336692,1.34847,0.0
1727294339200,1.34849,0.0
1727294332000,1.348465,0.0
1727294339572,1.348495,0.0
1727294339707,1.34849,0.0
1727294340016,1.348485,0.0
1727294337180,1.348445,0.0
1727294341065,1.348475,0.0
1727294337482,1.34846,0.0
1727294340125,1.348465,0.0
1727294341319,1.34847,0.0
1727294348367,1.348475,0.0
1727294347322,1.348475,0.0
1727294341777,1.34848,0.0
1727294348770,1.348475,0.0
1727294347527,1.34848,0.0
1727294349343,1.348475,0.0
1727294338683,1.34847,0.0
1727294349097,1.34847,0.0
1727294342258,1.34847,0.0
1727294349523,1.34848,0.0
1727294342479,1.348465,0.0
1727294352567,1.34851,0.0
1727294348080,1.34848,0.0
1727294339054,1.348485,0.0
1727294348245,1.34847,0.0
1727294349839,1.34848,0.0
1727294352971,1.3485,0.0
1727294353308,1.348495,0.0
1727294349938,1.348485,0.0
1727294356124,1.34849,0.0
1727294358587,1.34847,0.0
1727294353433,1.34849,0.0
1727294356314,1.34846,0.0
1727294358712,1.348475,0.0
1727294359125,1.34848,0.0
1727294357125,1.34847,0.0
1727294354196,1.348485,0.0
1727294357309,1.348455,0.0
1727294359193,1.348485,0.0
1727294357545,1.348465,0.0
1727294350610,1.348525,0.0
1727294357882,1.348465,0.0
1727294354407,1.3485,0.0
1727294344126,1.34848,0.0
1727294351028,1.348515,0.0
1727294358126,1.34847,0.0
1727294345058,1.348445,0.0
1727294363820,1.34848,0.0
1727294360648,1.34848,0.0
1727294364151,1.348485,0.0
1727294380427,1.348515,0.0
1727294380701,1.348515,0.0
1727294396798,1.348445,0.0
1727294380940,1.34852,0.0
1727294381190,1.348505,0.0
1727294369658,1.348485,0.0
1727294396870,1.34844,0.0
1727294415937,1.34846,0.0
1727294416741,1.34846,0.0
1727294369822,1.348495,0.0
1727294417801,1.34846,0.0
1727294444355,1.34853,0.0
1727294418452,1.34846,0.0
1727294446142,1.34855,0.0
1727294397346,1.348435,0.0
1727294446439,1.34851,0.0
1727294446727,1.34854,0.0
1727294446991,1.348515,0.0
1727294447156,1.348525,0.0
1727294419633,1.348435,0.0
1727294447436,1.348515,0.0
1727294447532,1.34852,0.0
1727294419742,1.348445,0.0
1727294420184,1.34844,0.0
1727294448228,1.348515,0.0
1727294420350,1.348445,0.0
1727294448409,1.348515,0.0
1727294420848,1.34843,0.0
1727294448640,1.34852,0.0
1727294448896,1.348515,0.0
1727294449160,1.34852,0.0
1727294449339,1.348505,0.0
1727294449739,1.348495,0.0
1727294421938,1.348445,0.0
1727294422651,1.348435,0.0
1727294370131,1.34853,0.0
1727294422928,1.348435,0.0
1727294397535,1.348445,0.0
1727294454284,1.348515,0.0
1727294424082,1.348435,0.0
1727294456362,1.348515,0.0
1727294424373,1.34844,0.0
1727294457134,1.348515,0.0
1727294424652,1.348435,0.0
1727294370345,1.34852,0.0
1727294458184,1.34855,0.0
1727294425107,1.34844,0.0
1727294458352,1.348535,0.0
1727294425440,1.34844,0.0
1727294425676,1.348445,0.0
1727294425729,1.34844,0.0
1727294459173,1.34851,0.0
1727294459442,1.348515,0.0
1727294460147,1.348445,0.0
1727294460200,1.34844,0.0
1727294460819,1.348455,0.0
1727294461201,1.34847,0.0
1727294461388,1.348445,0.0
1727294461624,1.34844,0.0
1727294461729,1.348455,0.0
1727294426936,1.34844,0.0
1727294462084,1.34844,0.0
1727294462341,1.348425,0.0
1727294427161,1.348445,0.0
1727294462655,1.34841,0.0
1727294462752,1.348425,0.0
1727294370679,1.348505,0.0
1727294463119,1.34844,0.0
1727294463883,1.348445,0.0
1727294464060,1.34844,0.0
1727294464843,1.348435,0.0
1727294429392,1.34844,0.0
1727294465505,1.34844,0.0
1727294429714,1.348445,0.0
1727294429920,1.348435,0.0
1727294430108,1.34843,0.0
1727294466199,1.348435,0.0
1727294430265,1.34844,0.0
1727294430575,1.348435,0.0
1727294397957,1.34844,0.0
1727294432411,1.348435,0.0
1727294432659,1.348465,0.0
1727294432916,1.348455,0.0
1727294466380,1.348415,0.0
1727294370761,1.34851,0.0
1727294433628,1.348475,0.0
1727294404109,1.348445,0.0
1727294391238,1.34845,0.0
1727294567232,1.348525,0.0
1727294569225,1.348495,0.0
1727294569419,1.3485,0.0
1727294569741,1.348495,0.0
1727294569932,1.34848,0.0
1727294570943,1.348485,0.0
1727294404265,1.34845,0.0
1727294374920,1.34852,0.0
1727294375149,1.34853,0.0
1727294375311,1.3485,0.0
1727294391428,1.348445,0.0
1727294375523,1.348505,0.0
1727294375713,1.34851,0.0
1727294584337,1.34844,0.0
1727294376103,1.348505,0.0
1727294588000,1.348435,0.0
1727294588117,1.34844,0.0
1727294588453,1.348455,0.0
1727294589275,1.348495,0.0
1727294589327,1.3485,0.0
1727294590006,1.348505,0.0
1727294590264,1.34851,0.0
1727294589756,1.34851,0.0
1727294590651,1.3485,0.0
1727294590865,1.34851,0.0
1727294405269,1.34846,0.0
1727294591777,1.34852,0.0
1727294591888,1.348505,0.0
1727294592237,1.34851,0.0
1727294405584,1.348455,0.0
1727294595302,1.348505,0.0
1727294392353,1.34844,0.0
1727294597231,1.34851,0.0
1727294597397,1.348505,0.0
1727294406117,1.348445,0.0
1727294599837,1.34851,0.0
1727294600217,1.348505,0.0
1727294602245,1.348495,0.0
1727294406252,1.34845,0.0
1727294602620,1.34848,0.0
1727294604286,1.3485,0.0
1727294606540,1.348505,0.0
1727294393070,1.348435,0.0
1727294393189,1.348435,0.0
1727294611336,1.348505,0.0
1727294612680,1.34845,0.0
1727294613047,1.34844,0.0
1727294611882,1.34848,0.0
1727294612358,1.348485,0.0
1727294612457,1.348455,0.0
1727294614051,1.348445,0.0
1727294616341,1.3485,0.0
1727294689059,1.348515,0.0
1727294691214,1.348515,0.0
1727294691711,1.34852,0.0
1727294691996,1.34849,0.0
1727294692223,1.348515,0.0
1727294692386,1.34851,0.0
1727294693062,1.348515,0.0
1727294694965,1.348515,0.0
1727294695598,1.34852,0.0
1727294695986,1.34851,0.0
1727294696223,1.348515,0.0
1727294696444,1.348515,0.0
1727294696762,1.348515,0.0
1727294697001,1.348515,0.0
1727294697186,1.34852,0.0
1727294697460,1.34851,0.0
1727294697721,1.348505,0.0
1727294697911,1.348505,0.0
1727294698336,1.348515,0.0
1727294698736,1.34852,0.0
1727294698989,1.34852,0.0
1727294699185,1.348495,0.0
1727294699446,1.34852,0.0
1727294699757,1.348525,0.0
1727294700047,1.34852,0.0
1727294702642,1.348525,0.0
1727294702922,1.34853,0.0
1727294704184,1.34852,0.0
1727294704495,1.348525,0.0
1727294704717,1.34853,0.0
1727294705183,1.34853,0.0
1727294706005,1.34852,0.0
1727294705619,1.34852,0.0
1727294712701,1.34852,0.0
1727294720472,1.348525,0.0
1727294720689,1.34852,0.0
1727294721036,1.348525,0.0
1727294721628,1.34852,0.0
1727294722094,1.348525,0.0
1727294722319,1.348525,0.0
1727294722541,1.348515,0.0
1727294722687,1.348525,0.0
1727294722975,1.34852,0.0
1727294724052,1.348525,0.0
1727294726118,1.348515,0.0
1727294726386,1.348515,0.0
1727294726558,1.348525,0.0
1727294726787,1.34853,0.0
1727294728054,1.34851,0.0
1727294730616,1.34852,0.0
1727294730781,1.348525,0.0
1727294731030,1.34851,0.0
1727294731367,1.34851,0.0
1727294731446,1.348525,0.0
1727294732101,1.34851,0.0
1727294732168,1.348515,0.0
1727294732571,1.348505,0.0
1727294733078,1.34851,0.0
1727294734397,1.348515,0.0
1727294737182,1.348525,0.0
1727294738045,1.348515,0.0
1727294739240,1.34851,0.0
1727294800699,1.348455,0.0
1727294805989,1.348465,0.0
1727294808778,1.34844,0.0
1727294809640,1.34846,0.0
1727294810343,1.34844,0.0
1727294814315,1.34847,0.0
1727294814936,1.348455,0.0
1727294815284,1.34848,0.0
1727294815605,1.34851,0.0
1727294815944,1.348495,0.0
1727294816178,1.348505,0.0
1727294816481,1.348495,0.0
1727294816906,1.3485,0.0
1727294817286,1.34851,0.0
1727294817398,1.3485,0.0
1727294817724,1.348495,0.0
1727294817994,1.3485,0.0
1727294818275,1.348505,0.0
1727294818437,1.3485,0.0
1727294818659,1.348495,0.0
1727294819259,1.34848,0.0
1727294819422,1.348495,0.0
1727294820028,1.34848,0.0
1727294820438,1.3485,0.0
1727294820666,1.348495,0.0
1727294821211,1.348495,0.0
1727294821464,1.3485,0.0
1727294821722,1.3485,0.0
1727294822028,1.34851,0.0
1727294822257,1.348495,0.0
1727294822541,1.348505,0.0
1727294822727,1.348505,0.0
1727294822852,1.348495,0.0
1727294823193,1.348495,0.0
1727294823726,1.348495,0.0
1727294823995,1.3485,0.0
1727294824276,1.348495,0.0
1727294825197,1.348495,0.0
1727294825945,1.348495,0.0
1727294826267,1.348495,0.0
1727294835020,1.348475,0.0
1727294835130,1.34848,0.0
1727294835463,1.34848,0.0
1727294835734,1.348485,0.0
1727294835976,1.348485,0.0
1727294837057,1.348505,0.0
1727294837196,1.348505,0.0
1727294837583,1.34851,0.0
1727294838186,1.348505,0.0
1727294838865,1.3485,0.0
1727294845531,1.348595,0.0
1727294851794,1.34861,0.0
1727294852062,1.34861,0.0
1727294852866,1.3486,0.0
1727294930580,1.34858,0.0
1727294937795,1.348595,0.0
1727294938137,1.34861,0.0
1727294939056,1.348605,0.0
1727294940172,1.348595,0.0
1727294940334,1.348605,0.0
1727294942138,1.3486,0.0
1727294949703,1.348595,0.0
1727294966741,1.3486,0.0
1727294970229,1.348595,0.0
1727294974623,1.348585,0.0
1727295054155,1.3484,0.0
1727295060353,1.34838,0.0
1727295060592,1.348385,0.0
1727295062380,1.348375,0.0
1727295063650,1.34836,0.0
1727295063721,1.34835,0.0
1727295064126,1.348365,0.0
1727295065047,1.348365,0.0
1727295065973,1.34838,0.0
1727295067140,1.34837,0.0
1727295068972,1.348405,0.0
1727295069150,1.34841,0.0
1727295071119,1.348385,0.0
1727295072131,1.34835,0.0
1727295072604,1.348355,0.0
1727295073256,1.34835,0.0
1727295073919,1.34835,0.0
1727295074294,1.348355,0.0
1727295075123,1.348355,0.0
1727295079311,1.34835,0.0
1727295080463,1.34835,0.0
1727295082124,1.34835,0.0
1727295082625,1.348355,0.0
1727295083511,1.34835,0.0
1727295084482,1.348355,0.0
1727295087391,1.348355,0.0
1727295090078,1.34836,0.0
1727295090536,1.34835,0.0
1727295090880,1.348355,0.0
1727295093664,1.34839,0.0
1727295093979,1.34839,0.0
1727295094246,1.34836,0.0
1727295094381,1.348355,0.0
1727295095552,1.34836,0.0
1727295095775,1.348355,0.0
1727295095830,1.34836,0.0
1727295096059,1.348355,0.0
1727295097713,1.34836,0.0
1727295097892,1.348355,0.0
1727295099003,1.348355,0.0
1727295098389,1.34836,0.0
1727295099661,1.34835,0.0
1727295106213,1.34833,0.0
1727295106438,1.348325,0.0
1727295168056,1.348365,0.0
1727295171657,1.34836,0.0
1727295171829,1.348365,0.0
1727295173969,1.34836,0.0
1727295174233,1.348355,0.0
1727295176595,1.34836,0.0
1727295176936,1.348365,0.0
1727295178053,1.34836,0.0
1727295178592,1.348355,0.0
1727295182966,1.34841,0.0
1727295183171,1.348405,0.0
1727295210051,1.348395,0.0
1727295210583,1.348425,0.0
1727295295118,1.3484,0.0
1727295295369,1.34839,0.0
1727295300283,1.34841,0.0
1727295301060,1.348405,0.0
1727295301344,1.348315,0.0
1727295301588,1.348315,0.0
1727295301644,1.34832,0.0
1727295302369,1.348315,0.0
1727295302868,1.3483,0.0
1727295303073,1.34832,0.0
1727295303325,1.348315,0.0
1727295303443,1.34832,0.0
1727295303826,1.34832,0.0
1727295304311,1.348325,0.0
1727295304511,1.348315,0.0
1727295304700,1.34831,0.0
1727295304952,1.34832,0.0
1727295306054,1.348315,0.0
1727295307021,1.34831,0.0
1727295307350,1.34833,0.0
1727295307495,1.348315,0.0
1727295308642,1.34831,0.0
1727295308802,1.348325,0.0
1727295309119,1.34831,0.0
1727295309369,1.348315,0.0
1727295309472,1.348315,0.0
1727295309896,1.34833,0.0
1727295310384,1.348305,0.0
1727295310455,1.34832,0.0
1727295310808,1.34831,0.0
1727295311063,1.34831,0.0
1727295311383,1.34833,0.0
1727295311629,1.34831,0.0
1727295314653,1.348325,0.0
1727295314875,1.348325,0.0
1727295315094,1.34832,0.0
1727295315622,1.34832,0.0
1727295315258,1.348325,0.0
1727295315912,1.348325,0.0
1727295315985,1.34831,0.0
1727295316490,1.34832,0.0
1727295316308,1.34831,0.0
1727295316929,1.348335,0.0
1727295317126,1.34834,0.0
1727295317345,1.348325,0.0
1727295318119,1.34831,0.0
1727295318426,1.348335,0.0
1727295318476,1.34832,0.0
1727295318825,1.348335,0.0
1727295319480,1.348315,0.0
1727295319772,1.34832,0.0
1727295320887,1.348335,0.0
1727295321119,1.34833,0.0
1727295321660,1.348325,0.0
1727295321715,1.348315,0.0
1727295322151,1.34829,0.0
1727295322427,1.348305,0.0
1727295322671,1.348295,0.0
1727295323690,1.34831,0.0
1727295323930,1.348295,0.0
1727295324930,1.348305,0.0
1727295325414,1.34831,0.0
1727295325826,1.348325,0.0
1727295326107,1.34832,0.0
1727295326654,1.348315,0.0
1727295326931,1.348325,0.0
1727295327165,1.348315,0.0
1727295327408,1.348315,0.0
1727295327840,1.34831,0.0
1727295328179,1.348315,0.0
1727295328349,1.348305,0.0
1727295328530,1.34831,0.0
1727295328904,1.348305,0.0
1727295329172,1.348325,0.0
1727295329419,1.3483,0.0
1727295329747,1.348305,0.0
1727295330678,1.348305,0.0
1727295330955,1.348305,0.0
1727295333208,1.348315,0.0
1727295333263,1.348325,0.0
1727295334189,1.348305,0.0
1727295334471,1.348325,0.0
1727295334592,1.348315,0.0
1727295334925,1.34832,0.0
1727295335194,1.34831,0.0
1727295335464,1.348305,0.0
1727295335631,1.34832,0.0
1727295335963,1.34832,0.0
1727295336229,1.348305,0.0
1727295336332,1.34832,0.0
1727295336613,1.348325,0.0
1727295336892,1.34831,0.0
1727295337217,1.34832,0.0
1727295337619,1.348325,0.0
1727295338120,1.34832,0.0
1727295340237,1.348325,0.0
1727295340347,1.3483,0.0
1727295340645,1.348315,0.0
1727295340757,1.348325,0.0
1727295341207,1.34834,0.0
1727295341412,1.348325,0.0
1727295341867,1.34832,0.0
1727295342142,1.34833,0.0
1727295342988,1.34832,0.0
1727295343209,1.348325,0.0
1727295343755,1.34832,0.0
1727295344101,1.348315,0.0
1727295344450,1.34831,0.0
1727295344771,1.34831,0.0
1727295407581,1.348285,0.0
1727295412615,1.348285,0.0
1727295412931,1.348285,0.0
1727295415750,1.34829,0.0
1727295415823,1.34828,0.0
1727295416257,1.34829,0.0
1727295416307,1.34828,0.0
1727295421867,1.348275,0.0
1727295422051,1.34828,0.0
1727295424176,1.34829,0.0
1727295425335,1.348285,0.0
1727295430701,1.348305,0.0
1727295432588,1.3483,0.0
1727295435280,1.34829,0.0
1727295435549,1.34831,0.0
1727295435812,1.34831,0.0
1727295436048,1.34832,0.0
1727295436238,1.348315,0.0
1727295436401,1.34829,0.0
1727295437046,1.34831,0.0
1727295437324,1.34831,0.0
1727295437436,1.34829,0.0
1727295437776,1.348285,0.0
1727295445856,1.34827,0.0
1727295446509,1.34827,0.0
1727295446634,1.34826,0.0
1727295446855,1.348265,0.0
1727295447570,1.34826,0.0
1727295448444,1.348265,0.0
1727295449341,1.34826,0.0
1727295449715,1.348265,0.0
1727295452065,1.348265,0.0
1727295452728,1.348265,0.0
1727295462250,1.348275,0.0
1727295462665,1.34827,0.0
1727295463619,1.348285,0.0
1727295464037,1.348265,0.0
1727295532853,1.348305,0.0
1727295533599,1.348305,0.0
1727295534199,1.34829,0.0
1727295537285,1.348295,0.0
1727295537664,1.348295,0.0
1727295537905,1.34829,0.0
1727295538320,1.348285,0.0
1727295540167,1.348285,0.0
1727295540605,1.348275,0.0
1727295549799,1.34827,0.0
1727295550186,1.348275,0.0
1727295550748,1.348265,0.0
1727295550826,1.348275,0.0
1727295551073,1.34827,0.0
1727295551346,1.348275,0.0
1727295551346,1.348275,0.0
1727295578053,1.34826,0.0
1727295582504,1.348255,0.0
1727295584550,1.348275,0.0
1727295585833,1.34824,0.0
1727295654615,1.348375,0.0
1727295654938,1.348375,0.0
1727295655065,1.34837,0.0
1727295655435,1.348375,0.0
1727295655550,1.348375,0.0
1727295655767,1.34837,0.0
1727295656036,1.348375,0.0
1727295656396,1.34837,0.0
1727295657111,1.348375,0.0
1727295657320,1.34837,0.0
1727295658186,1.34837,0.0
1727295658381,1.348375,0.0
1727295658609,1.34837,0.0
1727295658948,1.348365,0.0
1727295659004,1.34837,0.0
1727295659645,1.348365,0.0
1727295659970,1.348365,0.0
1727295660022,1.34837,0.0
1727295660415,1.34837,0.0
1727295660652,1.34837,0.0
1727295660805,1.348365,0.0
1727295661688,1.348375,0.0
1727295661743,1.34837,0.0
1727295662237,1.348365,0.0
1727295662692,1.348365,0.0
1727295662863,1.34837,0.0
1727295669337,1.34837,0.0
1727295669658,1.34837,0.0
1727295669976,1.34837,0.0
1727295670135,1.34837,0.0
1727295670469,1.34837,0.0
1727295670657,1.348365,0.0
1727295670909,1.34837,0.0
1727295671235,1.348375,0.0
1727295671461,1.34837,0.0
1727295671710,1.34837,0.0
1727295671963,1.348365,0.0
1727295672235,1.348365,0.0
1727295672443,1.34837,0.0
1727295672552,1.348365,0.0
1727295672989,1.34837,0.0
1727295673402,1.34837,0.0
1727295673581,1.34837,0.0
1727295673926,1.348365,0.0
1727295674389,1.348365,0.0
1727295675460,1.34837,0.0
1727295675746,1.34837,0.0
1727295675884,1.34837,0.0
1727295676457,1.34835,0.0
1727295676516,1.34834,0.0
1727295681529,1.34836,0.0
1727295682306,1.348365,0.0
1727295682658,1.34836,0.0
1727295682944,1.348365,0.0
1727295683056,1.34836,0.0
1727295683997,1.34836,0.0
1727295684231,1.348365,0.0
1727295684346,1.34836,0.0
1727295684628,1.348365,0.0
1727295685413,1.34836,0.0
1727295690547,1.34836,0.0
1727295691985,1.348365,0.0
1727295692401,1.34836,0.0
1727295692625,1.34836,0.0
1727295693662,1.348365,0.0
1727295771473,1.348335,0.0
1727295772304,1.34834,0.0
1727295772681,1.348325,0.0
1727295775202,1.34834,0.0
1727295775473,1.348335,0.0
1727295780180,1.34834,0.0
1727295780430,1.348315,0.0
1727295780717,1.34834,0.0
1727295781170,1.34831,0.0
1727295781292,1.34834,0.0
1727295781625,1.34834,0.0
1727295781786,1.348335,0.0
1727295797239,1.34834,0.0
1727295797585,1.348335,0.0
1727295800036,1.34834,0.0
1727295800742,1.348335,0.0
1727295810761,1.34836,0.0
1727295810937,1.348375,0.0
1727295815165,1.34836,0.0
1727295815374,1.348365,0.0
1727295821110,1.34836,0.0
1727295821580,1.348365,0.0
1727295827434,1.34836,0.0
1727295893029,1.348525,0.0
1727295912610,1.348455,0.0
1727295932664,1.34844,0.0
1727295934306,1.348445,0.0
1727295935065,1.34844,0.0
1727295936187,1.34844,0.0
1727295941126,1.348445,0.0
1727296015901,1.34853,0.0
1727296023670,1.348525,0.0
1727296023881,1.348545,0.0
1727296024251,1.34854,0.0
1727296025190,1.34854,0.0
1727296025394,1.348535,0.0
1727296025953,1.348545,0.0
1727296026184,1.348545,0.0
1727296026370,1.34854,0.0
1727296026572,1.34854,0.0
1727296027410,1.348535,0.0
1727296026845,1.34853,0.0
1727296027184,1.34852,0.0
1727296028415,1.348555,0.0
1727296028028,1.34854,0.0
1727296029301,1.348535,0.0
1727296030878,1.34854,0.0
1727296031096,1.348535,0.0
1727296031655,1.34854,0.0
1727296031876,1.34853,0.0
1727296032001,1.34854,0.0
1727296032274,1.348545,0.0
1727296033598,1.34854,0.0
1727296033889,1.348545,0.0
1727296034157,1.34854,0.0
1727296034295,1.34853,0.0
1727296034728,1.34854,0.0
1727296034838,1.34854,0.0
1727296035249,1.348535,0.0
1727296035302,1.348545,0.0
1727296035898,1.348555,0.0
1727296050503,1.348525,0.0
1727296050559,1.348535,0.0
1727296053002,1.348545,0.0
1727296053365,1.34854,0.0
1727296053741,1.348545,0.0
1727296053886,1.34854,0.0
1727296054260,1.348545,0.0
1727296054524,1.34854,0.0
1727296055578,1.348545,0.0
1727296055865,1.34854,0.0
1727296056221,1.348545,0.0
1727296056531,1.348545,0.0
1727296056671,1.34854,0.0
1727296059354,1.348545,0.0
1727296066234,1.34854,0.0
1727296066440,1.348545,0.0
1727296132678,1.348535,0.0
1727296136193,1.348545,0.0
1727296136524,1.348555,0.0
1727296137226,1.34855,0.0
1727296137364,1.348555,0.0
1727296138229,1.34855,0.0
1727296138404,1.348555,0.0
1727296139257,1.34855,0.0
1727296139429,1.34855,0.0
1727296139698,1.348555,0.0
1727296140205,1.348555,0.0
1727296145479,1.348525,0.0
1727296146488,1.34853,0.0
1727296151059,1.348535,0.0
1727296152542,1.34853,0.0
1727296156711,1.348555,0.0
1727296157005,1.348565,0.0
1727296160069,1.34856,0.0
1727296160231,1.348565,0.0
1727296161874,1.348575,0.0
1727296162124,1.348575,0.0
1727296162312,1.34857,0.0
1727296166820,1.348575,0.0
1727296168668,1.348595,0.0
1727296169780,1.348575,0.0
1727296178779,1.348585,0.0
1727296186314,1.34857,0.0
1727296186454,1.348585,0.0
1727296253292,1.348615,0.0
1727296254214,1.348615,0.0
1727296255726,1.348615,0.0
1727296255939,1.348615,0.0
1727296256106,1.34862,0.0
1727296258052,1.348615,0.0
1727296258612,1.348615,0.0
1727296259203,1.34862,0.0
1727296259449,1.348625,0.0
1727296259640,1.34862,0.0
1727296260172,1.34862,0.0
1727296260489,1.348615,0.0
1727296260962,1.348625,0.0
1727296261235,1.34862,0.0
1727296261351,1.348625,0.0
1727296261690,1.34862,0.0
1727296262214,1.34862,0.0
1727296262597,1.34862,0.0
1727296263070,1.348615,0.0
1727296263567,1.34862,0.0
1727296263978,1.348625,0.0
1727296264424,1.348625,0.0
1727296264963,1.348625,0.0
1727296268957,1.34862,0.0
1727296269008,1.348615,0.0
1727296269920,1.34862,0.0
1727296270097,1.348615,0.0
1727296275307,1.34861,0.0
1727296277899,1.348615,0.0
1727296279435,1.34861,0.0
1727296280054,1.348605,0.0
1727296282250,1.34861,0.0
1727296289603,1.34861,0.0
1727296303866,1.348615,0.0
1727296304128,1.34861,0.0
1727296304627,1.348615,0.0
1727296306054,1.34861,0.0
1727296310595,1.348585,0.0
1727296310747,1.34858,0.0
1727296312069,1.348585,0.0
1727296380288,1.348675,0.0
1727296380408,1.348665,0.0
1727296385535,1.34867,0.0
1727296386057,1.348665,0.0
1727296386770,1.348655,0.0
1727296389656,1.34866,0.0
1727296390055,1.348655,0.0
1727296390584,1.348695,0.0
1727296390690,1.348685,0.0
1727296391292,1.34868,0.0
1727296392841,1.348685,0.0
1727296393012,1.34868,0.0
1727296393711,1.348675,0.0
1727296395813,1.34867,0.0
1727296396301,1.348675,0.0
1727296396520,1.34868,0.0
1727296396862,1.348675,0.0
1727296397722,1.34868,0.0
1727296410969,1.34867,0.0
1727296412565,1.348675,0.0
1727296414053,1.348695,0.0
1727296415071,1.348675,0.0
1727296421072,1.34868,0.0
1727296424817,1.348675,0.0
1727296428197,1.348685,0.0
1727296429247,1.34868,0.0
1727296430066,1.348685,0.0
1727296430828,1.34868,0.0
1727296512922,1.34866,0.0
1727296513184,1.34868,0.0
1727296513518,1.34867,0.0
1727296514586,1.348665,0.0
1727296521611,1.34867,0.0
1727296530822,1.348665,0.0
1727296537496,1.348665,0.0
1727296542798,1.348675,0.0
1727296542867,1.348665,0.0
1727296543920,1.34867,0.0
1727296545941,1.348675,0.0
1727296546104,1.34867,0.0
1727296548196,1.348675,0.0
1727296553077,1.348635,0.0
1727296619156,1.34866,0.0
1727296619652,1.34865,0.0
1727296621875,1.34866,0.0
1727296621931,1.348655,0.0
1727296623053,1.34866,0.0
1727296624056,1.348665,0.0
1727296624560,1.34866,0.0
1727296624881,1.34866,0.0
1727296625128,1.34866,0.0
1727296625200,1.348665,0.0
1727296625614,1.34865,0.0
1727296625811,1.34866,0.0
1727296626151,1.348665,0.0
1727296626569,1.34866,0.0
1727296626878,1.348665,0.0
1727296626992,1.348655,0.0
1727296627580,1.34867,0.0
1727296627857,1.34866,0.0
1727296629097,1.34866,0.0
1727296629381,1.34866,0.0
1727296629557,1.348665,0.0
1727296629911,1.348665,0.0
1727296630867,1.348675,0.0
1727296631035,1.348665,0.0
1727296632860,1.34866,0.0
1727296633177,1.348665,0.0
1727296633593,1.348665,0.0
1727296634161,1.348665,0.0
1727296634326,1.34865,0.0
1727296634537,1.348675,0.0
1727296634726,1.348665,0.0
1727296635149,1.348665,0.0
1727296635641,1.348675,0.0
1727296635719,1.34867,0.0
1727296636196,1.34866,0.0
1727296636792,1.34866,0.0
1727296637163,1.34866,0.0
1727296638065,1.348665,0.0
1727296638864,1.34866,0.0
1727296639064,1.34867,0.0
1727296639562,1.348675,0.0
1727296639864,1.348675,0.0
1727296639971,1.348665,0.0
1727296640321,1.34866,0.0
1727296641157,1.348675,0.0
1727296641267,1.348665,0.0
1727296641674,1.348655,0.0
1727296641835,1.348655,0.0
1727296642062,1.34866,0.0
1727296642222,1.34867,0.0
1727296642763,1.34866,0.0
1727296649145,1.348665,0.0
1727296649460,1.348665,0.0
1727296649583,1.34866,0.0
1727296649826,1.34866,0.0
1727296650903,1.34866,0.0
1727296651886,1.348665,0.0
1727296652137,1.34865,0.0
1727296652342,1.34867,0.0
1727296652545,1.348675,0.0
1727296652891,1.348685,0.0
1727296653886,1.34866,0.0
1727296654181,1.348675,0.0
1727296654449,1.348665,0.0
1727296655460,1.348685,0.0
1727296655589,1.348675,0.0
1727296655758,1.348685,0.0
1727296656182,1.34866,0.0
1727296656903,1.34866,0.0
1727296657001,1.348665,0.0
1727296657218,1.34866,0.0
1727296658708,1.34866,0.0
1727296658834,1.348675,0.0
1727296659445,1.348655,0.0
1727296659559,1.34868,0.0
1727296660174,1.34867,0.0
1727296660408,1.34867,0.0
1727296660491,1.348665,0.0
1727296660901,1.34866,0.0
1727296661223,1.34867,0.0
1727296661411,1.348685,0.0
1727296661483,1.348675,0.0
1727296661817,1.34868,0.0
